%YAML 1.1
%TAG !u! tag:unity3d.com,2011:
--- !u!1 &2029155603831391078
GameObject:
  m_ObjectHideFlags: 0
  m_CorrespondingSourceObject: {fileID: 0}
  m_PrefabInstance: {fileID: 0}
  m_PrefabAsset: {fileID: 0}
  serializedVersion: 6
  m_Component:
  - component: {fileID: 2033955960912229896}
  m_Layer: 0
  m_Name: Bone070
  m_TagString: Untagged
  m_Icon: {fileID: 0}
  m_NavMeshLayer: 0
  m_StaticEditorFlags: 64
  m_IsActive: 1
--- !u!4 &2033955960912229896
Transform:
  m_ObjectHideFlags: 0
  m_CorrespondingSourceObject: {fileID: 0}
  m_PrefabInstance: {fileID: 0}
  m_PrefabAsset: {fileID: 0}
  m_GameObject: {fileID: 2029155603831391078}
  m_LocalRotation: {x: 0.000000006431948, y: -0.0000000023283069, z: -0.0000000037252907, w: 1}
  m_LocalPosition: {x: -22.540857, y: -0.0000065803524, z: 0.00000043869017}
  m_LocalScale: {x: 0.99999994, y: 0.99999994, z: 1}
  m_Children: []
  m_Father: {fileID: 2028143613114548258}
  m_RootOrder: 0
  m_LocalEulerAnglesHint: {x: 0, y: 0, z: 0}
--- !u!1 &2030006655255382142
GameObject:
  m_ObjectHideFlags: 0
  m_CorrespondingSourceObject: {fileID: 0}
  m_PrefabInstance: {fileID: 0}
  m_PrefabAsset: {fileID: 0}
  serializedVersion: 6
  m_Component:
  - component: {fileID: 2033952994342458502}
  - component: {fileID: 2124347507076640620}
  m_Layer: 0
  m_Name: Maple_10605poly
  m_TagString: Untagged
  m_Icon: {fileID: 0}
  m_NavMeshLayer: 0
  m_StaticEditorFlags: 64
  m_IsActive: 1
--- !u!4 &2033952994342458502
Transform:
  m_ObjectHideFlags: 0
  m_CorrespondingSourceObject: {fileID: 0}
  m_PrefabInstance: {fileID: 0}
  m_PrefabAsset: {fileID: 0}
  m_GameObject: {fileID: 2030006655255382142}
  m_LocalRotation: {x: 0, y: 0, z: 0, w: 1}
  m_LocalPosition: {x: 142.5, y: -4.5474735e-13, z: 27.079477}
  m_LocalScale: {x: 1, y: 1, z: 1}
  m_Children:
  - {fileID: 2028143613114548258}
  - {fileID: 2027953653360184546}
  - {fileID: 2027956620371332046}
  - {fileID: 2034005365125765538}
  - {fileID: 2028247445319562208}
  - {fileID: 2028159012613574916}
  - {fileID: 2034354181798223584}
  - {fileID: 2028166118820974104}
  - {fileID: 2034102817803640080}
  - {fileID: 2034461054397459742}
  - {fileID: 2034177611224529960}
  - {fileID: 2027842181161056476}
  - {fileID: 2033993594573155538}
  m_Father: {fileID: 0}
  m_RootOrder: 0
  m_LocalEulerAnglesHint: {x: 0, y: 0, z: 0}
--- !u!95 &2124347507076640620
Animator:
  serializedVersion: 3
  m_ObjectHideFlags: 0
  m_CorrespondingSourceObject: {fileID: 0}
  m_PrefabInstance: {fileID: 0}
  m_PrefabAsset: {fileID: 0}
  m_GameObject: {fileID: 2030006655255382142}
  m_Enabled: 1
  m_Avatar: {fileID: 9000000, guid: 44b7eb54991cbf9438b7c1b68944e667, type: 3}
  m_Controller: {fileID: 9100000, guid: 0375536c4ec80cf4f82b24673900705e, type: 2}
  m_CullingMode: 1
  m_UpdateMode: 0
  m_ApplyRootMotion: 0
  m_LinearVelocityBlending: 0
  m_WarningMessage: 
  m_HasTransformHierarchy: 1
  m_AllowConstantClipSamplingOptimization: 1
  m_KeepAnimatorControllerStateOnDisable: 0
--- !u!1 &2030103885721359336
GameObject:
  m_ObjectHideFlags: 0
  m_CorrespondingSourceObject: {fileID: 0}
  m_PrefabInstance: {fileID: 0}
  m_PrefabAsset: {fileID: 0}
  serializedVersion: 6
  m_Component:
  - component: {fileID: 2028143613114548258}
  m_Layer: 0
  m_Name: Bone069
  m_TagString: Untagged
  m_Icon: {fileID: 0}
  m_NavMeshLayer: 0
  m_StaticEditorFlags: 64
  m_IsActive: 1
--- !u!4 &2028143613114548258
Transform:
  m_ObjectHideFlags: 0
  m_CorrespondingSourceObject: {fileID: 0}
  m_PrefabInstance: {fileID: 0}
  m_PrefabAsset: {fileID: 0}
  m_GameObject: {fileID: 2030103885721359336}
  m_LocalRotation: {x: -0.34951591, y: 0.37722796, z: -0.5771494, w: 0.6343787}
  m_LocalPosition: {x: -3.0441294, y: 30.614794, z: 0.7343273}
  m_LocalScale: {x: 1.1386981, y: 1.1386973, z: 1.1386982}
  m_Children:
  - {fileID: 2033955960912229896}
  m_Father: {fileID: 2033952994342458502}
  m_RootOrder: 0
  m_LocalEulerAnglesHint: {x: 0, y: 0, z: 0}
--- !u!1 &2030132307843116610
GameObject:
  m_ObjectHideFlags: 0
  m_CorrespondingSourceObject: {fileID: 0}
  m_PrefabInstance: {fileID: 0}
  m_PrefabAsset: {fileID: 0}
  serializedVersion: 6
  m_Component:
  - component: {fileID: 2034460588516353452}
  m_Layer: 0
  m_Name: Bone088
  m_TagString: Untagged
  m_Icon: {fileID: 0}
  m_NavMeshLayer: 0
  m_StaticEditorFlags: 64
  m_IsActive: 1
--- !u!4 &2034460588516353452
Transform:
  m_ObjectHideFlags: 0
  m_CorrespondingSourceObject: {fileID: 0}
  m_PrefabInstance: {fileID: 0}
  m_PrefabAsset: {fileID: 0}
  m_GameObject: {fileID: 2030132307843116610}
  m_LocalRotation: {x: -0.0000000037252899, y: 0, z: -0, w: 1}
  m_LocalPosition: {x: -14.867332, y: -0.0000026321409, z: -0.0000010967254}
  m_LocalScale: {x: 1, y: 1, z: 1}
  m_Children: []
  m_Father: {fileID: 2034102817803640080}
  m_RootOrder: 0
  m_LocalEulerAnglesHint: {x: 0, y: 0, z: 0}
--- !u!1 &2030179708856716682
GameObject:
  m_ObjectHideFlags: 0
  m_CorrespondingSourceObject: {fileID: 0}
  m_PrefabInstance: {fileID: 0}
  m_PrefabAsset: {fileID: 0}
  serializedVersion: 6
  m_Component:
  - component: {fileID: 2034177611224529960}
  m_Layer: 0
  m_Name: Bone094
  m_TagString: Untagged
  m_Icon: {fileID: 0}
  m_NavMeshLayer: 0
  m_StaticEditorFlags: 64
  m_IsActive: 1
--- !u!4 &2034177611224529960
Transform:
  m_ObjectHideFlags: 0
  m_CorrespondingSourceObject: {fileID: 0}
  m_PrefabInstance: {fileID: 0}
  m_PrefabAsset: {fileID: 0}
  m_GameObject: {fileID: 2030179708856716682}
  m_LocalRotation: {x: -0.61998063, y: 0.24798718, z: 0.66385084, w: -0.3367914}
  m_LocalPosition: {x: 0.944316, y: 32.083675, z: 2.719389}
  m_LocalScale: {x: 1.5321255, y: 1.5321251, z: 1.5321245}
  m_Children:
  - {fileID: 2034094374346626552}
  m_Father: {fileID: 2033952994342458502}
  m_RootOrder: 10
  m_LocalEulerAnglesHint: {x: 0, y: 0, z: 0}
--- !u!1 &2030245832758296124
GameObject:
  m_ObjectHideFlags: 0
  m_CorrespondingSourceObject: {fileID: 0}
  m_PrefabInstance: {fileID: 0}
  m_PrefabAsset: {fileID: 0}
  serializedVersion: 6
  m_Component:
  - component: {fileID: 2028235671645314744}
  m_Layer: 0
  m_Name: Bone074
  m_TagString: Untagged
  m_Icon: {fileID: 0}
  m_NavMeshLayer: 0
  m_StaticEditorFlags: 64
  m_IsActive: 1
--- !u!4 &2028235671645314744
Transform:
  m_ObjectHideFlags: 0
  m_CorrespondingSourceObject: {fileID: 0}
  m_PrefabInstance: {fileID: 0}
  m_PrefabAsset: {fileID: 0}
  m_GameObject: {fileID: 2030245832758296124}
  m_LocalRotation: {x: 0.000000004423782, y: -0.0000000027939675, z: 1.23599015e-17, w: 1}
  m_LocalPosition: {x: -19.275236, y: 0, z: -0.00000010967254}
  m_LocalScale: {x: 1, y: 1, z: 1}
  m_Children: []
  m_Father: {fileID: 2027953653360184546}
  m_RootOrder: 0
  m_LocalEulerAnglesHint: {x: 0, y: 0, z: 0}
--- !u!1 &2030275932662398306
GameObject:
  m_ObjectHideFlags: 0
  m_CorrespondingSourceObject: {fileID: 0}
  m_PrefabInstance: {fileID: 0}
  m_PrefabAsset: {fileID: 0}
  serializedVersion: 6
  m_Component:
  - component: {fileID: 2034005365125765538}
  m_Layer: 0
  m_Name: Bone077
  m_TagString: Untagged
  m_Icon: {fileID: 0}
  m_NavMeshLayer: 0
  m_StaticEditorFlags: 64
  m_IsActive: 1
--- !u!4 &2034005365125765538
Transform:
  m_ObjectHideFlags: 0
  m_CorrespondingSourceObject: {fileID: 0}
  m_PrefabInstance: {fileID: 0}
  m_PrefabAsset: {fileID: 0}
  m_GameObject: {fileID: 2030275932662398306}
  m_LocalRotation: {x: 0.49087805, y: -0.20623115, z: -0.6194307, w: 0.5768995}
  m_LocalPosition: {x: -0.83105034, y: 8.846348, z: -0.08267848}
  m_LocalScale: {x: 1.31207, y: 1.3120692, z: 1.3120695}
  m_Children:
  - {fileID: 2028231511186111808}
  m_Father: {fileID: 2033952994342458502}
  m_RootOrder: 3
  m_LocalEulerAnglesHint: {x: 0, y: 0, z: 0}
--- !u!1 &2030583901017456416
GameObject:
  m_ObjectHideFlags: 0
  m_CorrespondingSourceObject: {fileID: 0}
  m_PrefabInstance: {fileID: 0}
  m_PrefabAsset: {fileID: 0}
  serializedVersion: 6
  m_Component:
  - component: {fileID: 2034354181798223584}
  m_Layer: 0
  m_Name: Bone083
  m_TagString: Untagged
  m_Icon: {fileID: 0}
  m_NavMeshLayer: 0
  m_StaticEditorFlags: 64
  m_IsActive: 1
--- !u!4 &2034354181798223584
Transform:
  m_ObjectHideFlags: 0
  m_CorrespondingSourceObject: {fileID: 0}
  m_PrefabInstance: {fileID: 0}
  m_PrefabAsset: {fileID: 0}
  m_GameObject: {fileID: 2030583901017456416}
  m_LocalRotation: {x: 0.6057069, y: -0.45466763, z: -0.36721295, w: 0.53995484}
  m_LocalPosition: {x: -2.7731333, y: 22.010092, z: 0.8348164}
  m_LocalScale: {x: 1.3389071, y: 1.3389066, z: 1.338907}
  m_Children:
  - {fileID: 2028056902309390428}
  m_Father: {fileID: 2033952994342458502}
  m_RootOrder: 6
  m_LocalEulerAnglesHint: {x: 0, y: 0, z: 0}
--- !u!1 &2030636500437484426
GameObject:
  m_ObjectHideFlags: 0
  m_CorrespondingSourceObject: {fileID: 0}
  m_PrefabInstance: {fileID: 0}
  m_PrefabAsset: {fileID: 0}
  serializedVersion: 6
  m_Component:
  - component: {fileID: 2034094374346626552}
  m_Layer: 0
  m_Name: Bone095
  m_TagString: Untagged
  m_Icon: {fileID: 0}
  m_NavMeshLayer: 0
  m_StaticEditorFlags: 64
  m_IsActive: 1
--- !u!4 &2034094374346626552
Transform:
  m_ObjectHideFlags: 0
  m_CorrespondingSourceObject: {fileID: 0}
  m_PrefabInstance: {fileID: 0}
  m_PrefabAsset: {fileID: 0}
  m_GameObject: {fileID: 2030636500437484426}
  m_LocalRotation: {x: -0.0000000037252903, y: -5.551115e-17, z: 0.000000014901161, w: 1}
  m_LocalPosition: {x: -6.392758, y: 0.000007896423, z: -0.0000006580352}
  m_LocalScale: {x: 1, y: 1, z: 1}
  m_Children: []
  m_Father: {fileID: 2034177611224529960}
  m_RootOrder: 0
  m_LocalEulerAnglesHint: {x: 0, y: 0, z: 0}
--- !u!1 &2030706039571009372
GameObject:
  m_ObjectHideFlags: 0
  m_CorrespondingSourceObject: {fileID: 0}
  m_PrefabInstance: {fileID: 0}
  m_PrefabAsset: {fileID: 0}
  serializedVersion: 6
  m_Component:
  - component: {fileID: 2027953653360184546}
  m_Layer: 0
  m_Name: Bone073
  m_TagString: Untagged
  m_Icon: {fileID: 0}
  m_NavMeshLayer: 0
  m_StaticEditorFlags: 64
  m_IsActive: 1
--- !u!4 &2027953653360184546
Transform:
  m_ObjectHideFlags: 0
  m_CorrespondingSourceObject: {fileID: 0}
  m_PrefabInstance: {fileID: 0}
  m_PrefabAsset: {fileID: 0}
  m_GameObject: {fileID: 2030706039571009372}
  m_LocalRotation: {x: -0.32261455, y: 0.19824518, z: -0.7054919, w: 0.5990825}
  m_LocalPosition: {x: -1.7509602, y: 12.868839, z: 0.21417174}
  m_LocalScale: {x: 1.320738, y: 1.3207377, z: 1.3207378}
  m_Children:
  - {fileID: 2028235671645314744}
  m_Father: {fileID: 2033952994342458502}
  m_RootOrder: 1
  m_LocalEulerAnglesHint: {x: 0, y: 0, z: 0}
--- !u!1 &2030706802327062096
GameObject:
  m_ObjectHideFlags: 0
  m_CorrespondingSourceObject: {fileID: 0}
  m_PrefabInstance: {fileID: 0}
  m_PrefabAsset: {fileID: 0}
  serializedVersion: 6
  m_Component:
  - component: {fileID: 2028125240032186678}
  m_Layer: 0
  m_Name: Bone080
  m_TagString: Untagged
  m_Icon: {fileID: 0}
  m_NavMeshLayer: 0
  m_StaticEditorFlags: 64
  m_IsActive: 1
--- !u!4 &2028125240032186678
Transform:
  m_ObjectHideFlags: 0
  m_CorrespondingSourceObject: {fileID: 0}
  m_PrefabInstance: {fileID: 0}
  m_PrefabAsset: {fileID: 0}
  m_GameObject: {fileID: 2030706802327062096}
  m_LocalRotation: {x: -0.0000000055879354, y: -1.1449175e-16, z: 0.000000020489097, w: 1}
  m_LocalPosition: {x: -14.867328, y: -0.0000041127205, z: -0.00000087738033}
  m_LocalScale: {x: 1, y: 1, z: 1}
  m_Children: []
  m_Father: {fileID: 2028247445319562208}
  m_RootOrder: 0
  m_LocalEulerAnglesHint: {x: 0, y: 0, z: 0}
--- !u!1 &2030781027099873918
GameObject:
  m_ObjectHideFlags: 0
  m_CorrespondingSourceObject: {fileID: 0}
  m_PrefabInstance: {fileID: 0}
  m_PrefabAsset: {fileID: 0}
  serializedVersion: 6
  m_Component:
  - component: {fileID: 2027842181161056476}
  m_Layer: 0
  m_Name: Bone215
  m_TagString: Untagged
  m_Icon: {fileID: 0}
  m_NavMeshLayer: 0
  m_StaticEditorFlags: 64
  m_IsActive: 1
--- !u!4 &2027842181161056476
Transform:
  m_ObjectHideFlags: 0
  m_CorrespondingSourceObject: {fileID: 0}
  m_PrefabInstance: {fileID: 0}
  m_PrefabAsset: {fileID: 0}
  m_GameObject: {fileID: 2030781027099873918}
  m_LocalRotation: {x: -0.00000002248394, y: 0.00000011502889, z: -0.6715455, w: 0.74096334}
  m_LocalPosition: {x: 0.0060865246, y: -0.13427125, z: -0.0000000058691825}
  m_LocalScale: {x: 1, y: 1, z: 1}
  m_Children:
  - {fileID: 2028086977149074518}
  m_Father: {fileID: 2033952994342458502}
  m_RootOrder: 11
  m_LocalEulerAnglesHint: {x: 0, y: 0, z: 0}
--- !u!1 &2030800715362463538
GameObject:
  m_ObjectHideFlags: 0
  m_CorrespondingSourceObject: {fileID: 0}
  m_PrefabInstance: {fileID: 0}
  m_PrefabAsset: {fileID: 0}
  serializedVersion: 6
  m_Component:
  - component: {fileID: 2027772083551334044}
  m_Layer: 0
  m_Name: Bone093
  m_TagString: Untagged
  m_Icon: {fileID: 0}
  m_NavMeshLayer: 0
  m_StaticEditorFlags: 64
  m_IsActive: 1
--- !u!4 &2027772083551334044
Transform:
  m_ObjectHideFlags: 0
  m_CorrespondingSourceObject: {fileID: 0}
  m_PrefabInstance: {fileID: 0}
  m_PrefabAsset: {fileID: 0}
  m_GameObject: {fileID: 2030800715362463538}
  m_LocalRotation: {x: 0.000000005587936, y: 0.000000011175872, z: -6.245005e-17, w: 1}
  m_LocalPosition: {x: -18.397202, y: 0.000022811888, z: 0.00000021934508}
  m_LocalScale: {x: 1, y: 1, z: 1}
  m_Children: []
  m_Father: {fileID: 2034461054397459742}
  m_RootOrder: 0
  m_LocalEulerAnglesHint: {x: 0, y: 0, z: 0}
--- !u!1 &2030850729327310162
GameObject:
  m_ObjectHideFlags: 0
  m_CorrespondingSourceObject: {fileID: 0}
  m_PrefabInstance: {fileID: 0}
  m_PrefabAsset: {fileID: 0}
  serializedVersion: 6
  m_Component:
  - component: {fileID: 2027956620371332046}
  m_Layer: 0
  m_Name: Bone075
  m_TagString: Untagged
  m_Icon: {fileID: 0}
  m_NavMeshLayer: 0
  m_StaticEditorFlags: 64
  m_IsActive: 1
--- !u!4 &2027956620371332046
Transform:
  m_ObjectHideFlags: 0
  m_CorrespondingSourceObject: {fileID: 0}
  m_PrefabInstance: {fileID: 0}
  m_PrefabAsset: {fileID: 0}
  m_GameObject: {fileID: 2030850729327310162}
  m_LocalRotation: {x: 0.78759706, y: -0.39262456, z: -0.31708163, w: 0.3535479}
  m_LocalPosition: {x: -2.9200683, y: 18.685947, z: 1.1248804}
  m_LocalScale: {x: 1.1040232, y: 1.1040232, z: 1.1040235}
  m_Children:
  - {fileID: 2028290401677393298}
  m_Father: {fileID: 2033952994342458502}
  m_RootOrder: 2
  m_LocalEulerAnglesHint: {x: 0, y: 0, z: 0}
--- !u!1 &2030857998906386122
GameObject:
  m_ObjectHideFlags: 0
  m_CorrespondingSourceObject: {fileID: 0}
  m_PrefabInstance: {fileID: 0}
  m_PrefabAsset: {fileID: 0}
  serializedVersion: 6
  m_Component:
  - component: {fileID: 2028231511186111808}
  m_Layer: 0
  m_Name: Bone078
  m_TagString: Untagged
  m_Icon: {fileID: 0}
  m_NavMeshLayer: 0
  m_StaticEditorFlags: 64
  m_IsActive: 1
--- !u!4 &2028231511186111808
Transform:
  m_ObjectHideFlags: 0
  m_CorrespondingSourceObject: {fileID: 0}
  m_PrefabInstance: {fileID: 0}
  m_PrefabAsset: {fileID: 0}
  m_GameObject: {fileID: 2030857998906386122}
  m_LocalRotation: {x: -0.0000000074505797, y: -5.5511145e-17, z: 0.000000007450581, w: 1}
  m_LocalPosition: {x: -18.397211, y: 0.000020837782, z: -0.00000021934508}
  m_LocalScale: {x: 1, y: 1, z: 1}
  m_Children: []
  m_Father: {fileID: 2034005365125765538}
  m_RootOrder: 0
  m_LocalEulerAnglesHint: {x: 0, y: 0, z: 0}
--- !u!1 &2030878542488667652
GameObject:
  m_ObjectHideFlags: 0
  m_CorrespondingSourceObject: {fileID: 0}
  m_PrefabInstance: {fileID: 0}
  m_PrefabAsset: {fileID: 0}
  serializedVersion: 6
  m_Component:
  - component: {fileID: 2028159012613574916}
  m_Layer: 0
  m_Name: Bone081
  m_TagString: Untagged
  m_Icon: {fileID: 0}
  m_NavMeshLayer: 0
  m_StaticEditorFlags: 64
  m_IsActive: 1
--- !u!4 &2028159012613574916
Transform:
  m_ObjectHideFlags: 0
  m_CorrespondingSourceObject: {fileID: 0}
  m_PrefabInstance: {fileID: 0}
  m_PrefabAsset: {fileID: 0}
  m_GameObject: {fileID: 2030878542488667652}
  m_LocalRotation: {x: -0.49243322, y: 0.6082805, z: -0.49980238, w: 0.37108222}
  m_LocalPosition: {x: -0.69047886, y: 9.616239, z: 0.08213203}
  m_LocalScale: {x: 1.2427207, y: 1.2427205, z: 1.2427202}
  m_Children:
  - {fileID: 2034421950095752116}
  m_Father: {fileID: 2033952994342458502}
  m_RootOrder: 5
  m_LocalEulerAnglesHint: {x: 0, y: 0, z: 0}
--- !u!1 &2030888851323523572
GameObject:
  m_ObjectHideFlags: 0
  m_CorrespondingSourceObject: {fileID: 0}
  m_PrefabInstance: {fileID: 0}
  m_PrefabAsset: {fileID: 0}
  serializedVersion: 6
  m_Component:
  - component: {fileID: 2034461054397459742}
  m_Layer: 0
  m_Name: Bone092
  m_TagString: Untagged
  m_Icon: {fileID: 0}
  m_NavMeshLayer: 0
  m_StaticEditorFlags: 64
  m_IsActive: 1
--- !u!4 &2034461054397459742
Transform:
  m_ObjectHideFlags: 0
  m_CorrespondingSourceObject: {fileID: 0}
  m_PrefabInstance: {fileID: 0}
  m_PrefabAsset: {fileID: 0}
  m_GameObject: {fileID: 2030888851323523572}
  m_LocalRotation: {x: 0.8596818, y: -0.49315694, z: -0.13080084, w: 0.025191752}
  m_LocalPosition: {x: -3.0382962, y: 30.586788, z: 0.704738}
  m_LocalScale: {x: 1.0761766, y: 1.076177, z: 1.0761764}
  m_Children:
  - {fileID: 2027772083551334044}
  m_Father: {fileID: 2033952994342458502}
  m_RootOrder: 9
  m_LocalEulerAnglesHint: {x: 0, y: 0, z: 0}
--- !u!1 &2030901865062072244
GameObject:
  m_ObjectHideFlags: 0
  m_CorrespondingSourceObject: {fileID: 0}
  m_PrefabInstance: {fileID: 0}
  m_PrefabAsset: {fileID: 0}
  serializedVersion: 6
  m_Component:
  - component: {fileID: 2028290401677393298}
  m_Layer: 0
  m_Name: Bone076
  m_TagString: Untagged
  m_Icon: {fileID: 0}
  m_NavMeshLayer: 0
  m_StaticEditorFlags: 64
  m_IsActive: 1
--- !u!4 &2028290401677393298
Transform:
  m_ObjectHideFlags: 0
  m_CorrespondingSourceObject: {fileID: 0}
  m_PrefabInstance: {fileID: 0}
  m_PrefabAsset: {fileID: 0}
  m_GameObject: {fileID: 2030901865062072244}
  m_LocalRotation: {x: -0.000000007450581, y: -0.000000014901161, z: 0.000000014901161, w: 1}
  m_LocalPosition: {x: -22.540857, y: -0.000006141662, z: 0.00000043869017}
  m_LocalScale: {x: 0.99999994, y: 0.99999994, z: 1}
  m_Children: []
  m_Father: {fileID: 2027956620371332046}
  m_RootOrder: 0
  m_LocalEulerAnglesHint: {x: 0, y: 0, z: 0}
--- !u!1 &2030906328587398348
GameObject:
  m_ObjectHideFlags: 0
  m_CorrespondingSourceObject: {fileID: 0}
  m_PrefabInstance: {fileID: 0}
  m_PrefabAsset: {fileID: 0}
  serializedVersion: 6
  m_Component:
  - component: {fileID: 2028166118820974104}
  m_Layer: 0
  m_Name: Bone085
  m_TagString: Untagged
  m_Icon: {fileID: 0}
  m_NavMeshLayer: 0
  m_StaticEditorFlags: 64
  m_IsActive: 1
--- !u!4 &2028166118820974104
Transform:
  m_ObjectHideFlags: 0
  m_CorrespondingSourceObject: {fileID: 0}
  m_PrefabInstance: {fileID: 0}
  m_PrefabAsset: {fileID: 0}
  m_GameObject: {fileID: 2030906328587398348}
  m_LocalRotation: {x: 0.61325604, y: -0.41044283, z: 0.59300286, w: -0.32218215}
  m_LocalPosition: {x: -3.1287177, y: 30.600033, z: 0.71540916}
  m_LocalScale: {x: 0.9393201, y: 0.93932015, z: 0.93932027}
  m_Children:
  - {fileID: 2034205316248430600}
  m_Father: {fileID: 2033952994342458502}
  m_RootOrder: 7
  m_LocalEulerAnglesHint: {x: 0, y: 0, z: 0}
--- !u!1 &2030958044674033342
GameObject:
  m_ObjectHideFlags: 0
  m_CorrespondingSourceObject: {fileID: 0}
  m_PrefabInstance: {fileID: 0}
  m_PrefabAsset: {fileID: 0}
  serializedVersion: 6
  m_Component:
  - component: {fileID: 2034205316248430600}
  m_Layer: 0
  m_Name: Bone086
  m_TagString: Untagged
  m_Icon: {fileID: 0}
  m_NavMeshLayer: 0
  m_StaticEditorFlags: 64
  m_IsActive: 1
--- !u!4 &2034205316248430600
Transform:
  m_ObjectHideFlags: 0
  m_CorrespondingSourceObject: {fileID: 0}
  m_PrefabInstance: {fileID: 0}
  m_PrefabAsset: {fileID: 0}
  m_GameObject: {fileID: 2030958044674033342}
  m_LocalRotation: {x: -0.0000000037252903, y: 5.551115e-17, z: -0.000000014901161, w: 1}
  m_LocalPosition: {x: -19.275234, y: 0, z: 0}
  m_LocalScale: {x: 1, y: 1, z: 1}
  m_Children: []
  m_Father: {fileID: 2028166118820974104}
  m_RootOrder: 0
  m_LocalEulerAnglesHint: {x: 0, y: 0, z: 0}
--- !u!1 &2030972034113847402
GameObject:
  m_ObjectHideFlags: 0
  m_CorrespondingSourceObject: {fileID: 0}
  m_PrefabInstance: {fileID: 0}
  m_PrefabAsset: {fileID: 0}
  serializedVersion: 6
  m_Component:
  - component: {fileID: 2034421950095752116}
  m_Layer: 0
  m_Name: Bone082
  m_TagString: Untagged
  m_Icon: {fileID: 0}
  m_NavMeshLayer: 0
  m_StaticEditorFlags: 64
  m_IsActive: 1
--- !u!4 &2034421950095752116
Transform:
  m_ObjectHideFlags: 0
  m_CorrespondingSourceObject: {fileID: 0}
  m_PrefabInstance: {fileID: 0}
  m_PrefabAsset: {fileID: 0}
  m_GameObject: {fileID: 2030972034113847402}
  m_LocalRotation: {x: 0.0000000047730286, y: 1.7780917e-17, z: 0.0000000037252907, w: 1}
  m_LocalPosition: {x: -10.603155, y: 0.0000034272668, z: 0}
  m_LocalScale: {x: 1, y: 1, z: 1}
  m_Children: []
  m_Father: {fileID: 2028159012613574916}
  m_RootOrder: 0
  m_LocalEulerAnglesHint: {x: 0, y: 0, z: 0}
--- !u!1 &2030999978864307126
GameObject:
  m_ObjectHideFlags: 0
  m_CorrespondingSourceObject: {fileID: 0}
  m_PrefabInstance: {fileID: 0}
  m_PrefabAsset: {fileID: 0}
  serializedVersion: 6
  m_Component:
  - component: {fileID: 2028086977149074518}
  m_Layer: 0
  m_Name: Bone216
  m_TagString: Untagged
  m_Icon: {fileID: 0}
  m_NavMeshLayer: 0
  m_StaticEditorFlags: 64
  m_IsActive: 1
--- !u!4 &2028086977149074518
Transform:
  m_ObjectHideFlags: 0
  m_CorrespondingSourceObject: {fileID: 0}
  m_PrefabInstance: {fileID: 0}
  m_PrefabAsset: {fileID: 0}
  m_GameObject: {fileID: 2030999978864307126}
  m_LocalRotation: {x: -4.440892e-16, y: 0, z: -0, w: 1}
  m_LocalPosition: {x: -31.021193, y: -0.0000021818837, z: -0.0000015513747}
  m_LocalScale: {x: 1, y: 1, z: 1}
  m_Children: []
  m_Father: {fileID: 2027842181161056476}
  m_RootOrder: 0
  m_LocalEulerAnglesHint: {x: 0, y: 0, z: 0}
--- !u!1 &2031039642192005906
GameObject:
  m_ObjectHideFlags: 0
  m_CorrespondingSourceObject: {fileID: 0}
  m_PrefabInstance: {fileID: 0}
  m_PrefabAsset: {fileID: 0}
  serializedVersion: 6
  m_Component:
  - component: {fileID: 2034102817803640080}
  m_Layer: 0
  m_Name: Bone087
  m_TagString: Untagged
  m_Icon: {fileID: 0}
  m_NavMeshLayer: 0
  m_StaticEditorFlags: 64
  m_IsActive: 1
--- !u!4 &2034102817803640080
Transform:
  m_ObjectHideFlags: 0
  m_CorrespondingSourceObject: {fileID: 0}
  m_PrefabInstance: {fileID: 0}
  m_PrefabAsset: {fileID: 0}
  m_GameObject: {fileID: 2031039642192005906}
  m_LocalRotation: {x: -0.13484849, y: 0.22061703, z: -0.7860557, w: 0.56148064}
  m_LocalPosition: {x: 0.93836266, y: 32.074364, z: 2.7292204}
  m_LocalScale: {x: 1.2514172, y: 1.2514175, z: 1.2514161}
  m_Children:
  - {fileID: 2034460588516353452}
  m_Father: {fileID: 2033952994342458502}
  m_RootOrder: 8
  m_LocalEulerAnglesHint: {x: 0, y: 0, z: 0}
--- !u!1 &2031041986061602792
GameObject:
  m_ObjectHideFlags: 0
  m_CorrespondingSourceObject: {fileID: 0}
  m_PrefabInstance: {fileID: 0}
  m_PrefabAsset: {fileID: 0}
  serializedVersion: 6
  m_Component:
  - component: {fileID: 2033993594573155538}
  - component: {fileID: 2144815437836074596}
  m_Layer: 0
  m_Name: Maple_10605poly
  m_TagString: Untagged
  m_Icon: {fileID: 0}
  m_NavMeshLayer: 0
  m_StaticEditorFlags: 64
  m_IsActive: 1
--- !u!4 &2033993594573155538
Transform:
  m_ObjectHideFlags: 0
  m_CorrespondingSourceObject: {fileID: 0}
  m_PrefabInstance: {fileID: 0}
  m_PrefabAsset: {fileID: 0}
  m_GameObject: {fileID: 2031041986061602792}
  m_LocalRotation: {x: 0, y: -0, z: -0, w: 1}
  m_LocalPosition: {x: -0, y: 0, z: 0}
  m_LocalScale: {x: 1, y: 1, z: 1}
  m_Children: []
  m_Father: {fileID: 2033952994342458502}
  m_RootOrder: 12
  m_LocalEulerAnglesHint: {x: 0, y: 0, z: 0}
--- !u!137 &2144815437836074596
SkinnedMeshRenderer:
  m_ObjectHideFlags: 0
  m_CorrespondingSourceObject: {fileID: 0}
  m_PrefabInstance: {fileID: 0}
  m_PrefabAsset: {fileID: 0}
  m_GameObject: {fileID: 2031041986061602792}
  m_Enabled: 1
  m_CastShadows: 1
  m_ReceiveShadows: 1
  m_DynamicOccludee: 1
  m_StaticShadowCaster: 0
  m_MotionVectors: 1
  m_LightProbeUsage: 1
  m_ReflectionProbeUsage: 1
  m_RayTracingMode: 3
  m_RayTraceProcedural: 0
  m_RenderingLayerMask: 1
  m_RendererPriority: 0
  m_Materials:
  - {fileID: 2100000, guid: 9feccc3bd00b9e64f970b3258da6fd1d, type: 2}
  - {fileID: 2100000, guid: 1703c942faf9a65418b430aafd55af1f, type: 2}
  m_StaticBatchInfo:
    firstSubMesh: 0
    subMeshCount: 0
  m_StaticBatchRoot: {fileID: 0}
  m_ProbeAnchor: {fileID: 0}
  m_LightProbeVolumeOverride: {fileID: 0}
  m_ScaleInLightmap: 1
  m_ReceiveGI: 1
  m_PreserveUVs: 0
  m_IgnoreNormalsForChartDetection: 0
  m_ImportantGI: 0
  m_StitchLightmapSeams: 1
  m_SelectedEditorRenderState: 3
  m_MinimumChartSize: 4
  m_AutoUVMaxDistance: 0.5
  m_AutoUVMaxAngle: 89
  m_LightmapParameters: {fileID: 0}
  m_SortingLayerID: 0
  m_SortingLayer: 0
  m_SortingOrder: 0
  serializedVersion: 2
  m_Quality: 0
  m_UpdateWhenOffscreen: 0
  m_SkinnedMotionVectors: 1
  m_Mesh: {fileID: 4300000, guid: 44b7eb54991cbf9438b7c1b68944e667, type: 3}
  m_Bones:
  - {fileID: 2027842181161056476}
  - {fileID: 2028086977149074518}
  - {fileID: 2034461054397459742}
  - {fileID: 2027772083551334044}
  - {fileID: 2034005365125765538}
  - {fileID: 2028231511186111808}
  - {fileID: 2028247445319562208}
  - {fileID: 2028125240032186678}
  - {fileID: 2028143613114548258}
  - {fileID: 2033955960912229896}
  - {fileID: 2034102817803640080}
  - {fileID: 2034460588516353452}
  - {fileID: 2034354181798223584}
  - {fileID: 2028056902309390428}
  - {fileID: 2027953653360184546}
  - {fileID: 2028235671645314744}
  - {fileID: 2034177611224529960}
  - {fileID: 2034094374346626552}
  - {fileID: 2027956620371332046}
  - {fileID: 2028290401677393298}
  - {fileID: 2028166118820974104}
  - {fileID: 2034205316248430600}
  - {fileID: 2028159012613574916}
  - {fileID: 2034421950095752116}
  m_BlendShapeWeights: []
  m_RootBone: {fileID: 2028159012613574916}
  m_AABB:
    m_Center: {x: -15.258846, y: 0.016148567, z: -8.505094}
    m_Extent: {x: 23.235806, y: 12.420163, z: 14.207496}
  m_DirtyAABB: 0
--- !u!1 &2031085902629253108
GameObject:
  m_ObjectHideFlags: 0
  m_CorrespondingSourceObject: {fileID: 0}
  m_PrefabInstance: {fileID: 0}
  m_PrefabAsset: {fileID: 0}
  serializedVersion: 6
  m_Component:
  - component: {fileID: 2028056902309390428}
  m_Layer: 0
  m_Name: Bone084
  m_TagString: Untagged
  m_Icon: {fileID: 0}
  m_NavMeshLayer: 0
  m_StaticEditorFlags: 64
  m_IsActive: 1
--- !u!4 &2028056902309390428
Transform:
  m_ObjectHideFlags: 0
  m_CorrespondingSourceObject: {fileID: 0}
  m_PrefabInstance: {fileID: 0}
  m_PrefabAsset: {fileID: 0}
  m_GameObject: {fileID: 2031085902629253108}
  m_LocalRotation: {x: -0.0000000030267984, y: 1.0570972e-18, z: -3.49246e-10, w: 1}
  m_LocalPosition: {x: -10.603155, y: 0.0000035643575, z: -0.00000043869017}
  m_LocalScale: {x: 1, y: 1, z: 1}
  m_Children: []
  m_Father: {fileID: 2034354181798223584}
  m_RootOrder: 0
  m_LocalEulerAnglesHint: {x: 0, y: 0, z: 0}
--- !u!1 &2031104771993471786
GameObject:
  m_ObjectHideFlags: 0
  m_CorrespondingSourceObject: {fileID: 0}
  m_PrefabInstance: {fileID: 0}
  m_PrefabAsset: {fileID: 0}
  serializedVersion: 6
  m_Component:
  - component: {fileID: 2028247445319562208}
  m_Layer: 0
  m_Name: Bone079
  m_TagString: Untagged
  m_Icon: {fileID: 0}
  m_NavMeshLayer: 0
  m_StaticEditorFlags: 64
  m_IsActive: 1
--- !u!4 &2028247445319562208
Transform:
  m_ObjectHideFlags: 0
  m_CorrespondingSourceObject: {fileID: 0}
  m_PrefabInstance: {fileID: 0}
  m_PrefabAsset: {fileID: 0}
  m_GameObject: {fileID: 2031104771993471786}
  m_LocalRotation: {x: 0.72358006, y: -0.5110669, z: -0.045809455, w: 0.46167523}
  m_LocalPosition: {x: -1.4448137, y: 10.930325, z: 0.23938306}
  m_LocalScale: {x: 1.2773949, y: 1.2773952, z: 1.2773944}
  m_Children:
  - {fileID: 2028125240032186678}
  m_Father: {fileID: 2033952994342458502}
  m_RootOrder: 4
  m_LocalEulerAnglesHint: {x: 0, y: 0, z: 0}
