%YAML 1.1
%TAG !u! tag:unity3d.com,2011:
--- !u!1 &344843375856529378
GameObject:
  m_ObjectHideFlags: 0
  m_CorrespondingSourceObject: {fileID: 0}
  m_PrefabInstance: {fileID: 0}
  m_PrefabAsset: {fileID: 0}
  serializedVersion: 6
  m_Component:
  - component: {fileID: 5325366602610230223}
  m_Layer: 0
  m_Name: Wall1 (2)
  m_TagString: Untagged
  m_Icon: {fileID: 0}
  m_NavMeshLayer: 0
  m_StaticEditorFlags: 0
  m_IsActive: 1
--- !u!4 &5325366602610230223
Transform:
  m_ObjectHideFlags: 0
  m_CorrespondingSourceObject: {fileID: 0}
  m_PrefabInstance: {fileID: 0}
  m_PrefabAsset: {fileID: 0}
  m_GameObject: {fileID: 344843375856529378}
  m_LocalRotation: {x: -0, y: 0.7071068, z: -0, w: 0.7071068}
  m_LocalPosition: {x: 9.5, y: 0, z: 0}
  m_LocalScale: {x: 1, y: 1, z: 1}
  m_Children:
  - {fileID: 4313640645716865458}
  - {fileID: 4518444137688101484}
  - {fileID: 2159996620331083428}
  - {fileID: 6198020335595383461}
  - {fileID: 7316831020058077035}
  m_Father: {fileID: 5639145921955840681}
  m_RootOrder: 3
  m_LocalEulerAnglesHint: {x: 0, y: 90, z: 0}
--- !u!1 &739420430349017187
GameObject:
  m_ObjectHideFlags: 0
  m_CorrespondingSourceObject: {fileID: 0}
  m_PrefabInstance: {fileID: 0}
  m_PrefabAsset: {fileID: 0}
  serializedVersion: 6
  m_Component:
  - component: {fileID: 5695221387764010552}
  m_Layer: 0
  m_Name: Wall1 (3)
  m_TagString: Untagged
  m_Icon: {fileID: 0}
  m_NavMeshLayer: 0
  m_StaticEditorFlags: 0
  m_IsActive: 1
--- !u!4 &5695221387764010552
Transform:
  m_ObjectHideFlags: 0
  m_CorrespondingSourceObject: {fileID: 0}
  m_PrefabInstance: {fileID: 0}
  m_PrefabAsset: {fileID: 0}
  m_GameObject: {fileID: 739420430349017187}
  m_LocalRotation: {x: -0, y: 0.7071068, z: -0, w: 0.7071068}
  m_LocalPosition: {x: -9.5, y: 0, z: 0}
  m_LocalScale: {x: 1, y: 1, z: 1}
  m_Children:
  - {fileID: 839049587459644679}
  - {fileID: 1963320455731738509}
  - {fileID: 8048065698502795835}
  - {fileID: 637151209176295709}
  - {fileID: 7249051097199073969}
  m_Father: {fileID: 5639145921955840681}
  m_RootOrder: 4
  m_LocalEulerAnglesHint: {x: 0, y: 90, z: 0}
--- !u!1 &3651490707554807465
GameObject:
  m_ObjectHideFlags: 0
  m_CorrespondingSourceObject: {fileID: 0}
  m_PrefabInstance: {fileID: 0}
  m_PrefabAsset: {fileID: 0}
  serializedVersion: 6
  m_Component:
  - component: {fileID: 5334702826204157376}
  m_Layer: 0
  m_Name: Wall1
  m_TagString: Untagged
  m_Icon: {fileID: 0}
  m_NavMeshLayer: 0
  m_StaticEditorFlags: 0
  m_IsActive: 1
--- !u!4 &5334702826204157376
Transform:
  m_ObjectHideFlags: 0
  m_CorrespondingSourceObject: {fileID: 0}
  m_PrefabInstance: {fileID: 0}
  m_PrefabAsset: {fileID: 0}
  m_GameObject: {fileID: 3651490707554807465}
  m_LocalRotation: {x: -0, y: -0, z: -0, w: 1}
  m_LocalPosition: {x: 0, y: 0, z: -9.5}
  m_LocalScale: {x: 1, y: 1, z: 1}
  m_Children:
  - {fileID: 6191325677692504238}
  - {fileID: 1953135014430886297}
  - {fileID: 1438279490558544456}
  - {fileID: 7882727500529116770}
  - {fileID: 2597885978513984632}
  m_Father: {fileID: 5639145921955840681}
  m_RootOrder: 1
  m_LocalEulerAnglesHint: {x: 0, y: 0, z: 0}
--- !u!1 &4919609689459744855
GameObject:
  m_ObjectHideFlags: 0
  m_CorrespondingSourceObject: {fileID: 0}
  m_PrefabInstance: {fileID: 0}
  m_PrefabAsset: {fileID: 0}
  serializedVersion: 6
  m_Component:
  - component: {fileID: 6477844559810604241}
  m_Layer: 0
  m_Name: Floor
  m_TagString: Untagged
  m_Icon: {fileID: 0}
  m_NavMeshLayer: 0
  m_StaticEditorFlags: 0
  m_IsActive: 1
--- !u!4 &6477844559810604241
Transform:
  m_ObjectHideFlags: 0
  m_CorrespondingSourceObject: {fileID: 0}
  m_PrefabInstance: {fileID: 0}
  m_PrefabAsset: {fileID: 0}
  m_GameObject: {fileID: 4919609689459744855}
  m_LocalRotation: {x: -0, y: -0, z: -0, w: 1}
  m_LocalPosition: {x: 0, y: 0, z: 0}
  m_LocalScale: {x: 1, y: 1, z: 1}
  m_Children:
  - {fileID: 4587868506873317993}
  - {fileID: 1401456269644146164}
  - {fileID: 2277131627734379661}
  - {fileID: 4535358202880751709}
  - {fileID: 7514261073242267857}
  - {fileID: 6334567573021397030}
  - {fileID: 5244337904464348123}
  - {fileID: 7986855122643413765}
  - {fileID: 2824204730272207784}
  m_Father: {fileID: 5639145921955840681}
  m_RootOrder: 0
  m_LocalEulerAnglesHint: {x: 0, y: 0, z: 0}
--- !u!1 &5734260229928840054
GameObject:
  m_ObjectHideFlags: 0
  m_CorrespondingSourceObject: {fileID: 0}
  m_PrefabInstance: {fileID: 0}
  m_PrefabAsset: {fileID: 0}
  serializedVersion: 6
  m_Component:
  - component: {fileID: 5639145921955840681}
  - component: {fileID: 5735931777305122469}
  - component: {fileID: -338024867734797336}
  m_Layer: 0
  m_Name: Test Structure
  m_TagString: Untagged
  m_Icon: {fileID: 0}
  m_NavMeshLayer: 0
  m_StaticEditorFlags: 0
  m_IsActive: 1
--- !u!4 &5639145921955840681
Transform:
  m_ObjectHideFlags: 0
  m_CorrespondingSourceObject: {fileID: 0}
  m_PrefabInstance: {fileID: 0}
  m_PrefabAsset: {fileID: 0}
  m_GameObject: {fileID: 5734260229928840054}
  m_LocalRotation: {x: 0, y: 0, z: 0, w: 1}
  m_LocalPosition: {x: 0, y: 0, z: 0}
  m_LocalScale: {x: 1, y: 1, z: 1}
  m_Children:
  - {fileID: 6477844559810604241}
  - {fileID: 5334702826204157376}
  - {fileID: 6027617626673855530}
  - {fileID: 5325366602610230223}
  - {fileID: 5695221387764010552}
  m_Father: {fileID: 0}
  m_RootOrder: 0
  m_LocalEulerAnglesHint: {x: 0, y: 0, z: 0}
--- !u!65 &5735931777305122469
BoxCollider:
  m_ObjectHideFlags: 0
  m_CorrespondingSourceObject: {fileID: 0}
  m_PrefabInstance: {fileID: 0}
  m_PrefabAsset: {fileID: 0}
  m_GameObject: {fileID: 5734260229928840054}
  m_Material: {fileID: 0}
  m_IsTrigger: 0
  m_Enabled: 1
  serializedVersion: 2
  m_Size: {x: 18.824734, y: 1, z: 18.787432}
  m_Center: {x: 0, y: 0, z: 0}
--- !u!114 &-338024867734797336
MonoBehaviour:
  m_ObjectHideFlags: 0
  m_CorrespondingSourceObject: {fileID: 0}
  m_PrefabInstance: {fileID: 0}
  m_PrefabAsset: {fileID: 0}
  m_GameObject: {fileID: 5734260229928840054}
  m_Enabled: 1
  m_EditorHideFlags: 0
  m_Script: {fileID: 11500000, guid: 8fbe085220bf9694abbb959d5fc2d6eb, type: 3}
  m_Name: 
  m_EditorClassIdentifier: 
  name: Test Structure
  category: Structures
  fileType: prefab
  mainTag: structure
  tags:
  - modular
  - building
  isFavorite: 0
  self: {fileID: 5734260229928840054}
  texture: {fileID: 2800000, guid: b7681a3726d30ab45857a91e441dd03e, type: 3}
  isStructure: 1
  isLockedOnTerrain: 1
--- !u!1 &7911662212735709483
GameObject:
  m_ObjectHideFlags: 0
  m_CorrespondingSourceObject: {fileID: 0}
  m_PrefabInstance: {fileID: 0}
  m_PrefabAsset: {fileID: 0}
  serializedVersion: 6
  m_Component:
  - component: {fileID: 6027617626673855530}
  m_Layer: 0
  m_Name: Wall1 (1)
  m_TagString: Untagged
  m_Icon: {fileID: 0}
  m_NavMeshLayer: 0
  m_StaticEditorFlags: 0
  m_IsActive: 1
--- !u!4 &6027617626673855530
Transform:
  m_ObjectHideFlags: 0
  m_CorrespondingSourceObject: {fileID: 0}
  m_PrefabInstance: {fileID: 0}
  m_PrefabAsset: {fileID: 0}
  m_GameObject: {fileID: 7911662212735709483}
  m_LocalRotation: {x: -0, y: -0, z: -0, w: 1}
  m_LocalPosition: {x: 0, y: 0, z: 9.5}
  m_LocalScale: {x: 1, y: 1, z: 1}
  m_Children:
  - {fileID: 7662968515865445231}
  - {fileID: 4185184790292599649}
  - {fileID: 845687283066328906}
  - {fileID: 4975620962149850511}
  - {fileID: 8250007832098804056}
  m_Father: {fileID: 5639145921955840681}
  m_RootOrder: 2
  m_LocalEulerAnglesHint: {x: 0, y: 0, z: 0}
--- !u!1001 &877742722315008748
PrefabInstance:
  m_ObjectHideFlags: 0
  serializedVersion: 2
  m_Modification:
    m_TransformParent: {fileID: 5695221387764010552}
    m_Modifications:
    - target: {fileID: -8679921383154817045, guid: 3b16a5dc1a1dcd34497a69af099f0edc, type: 3}
      propertyPath: m_RootOrder
      value: 0
      objectReference: {fileID: 0}
    - target: {fileID: -8679921383154817045, guid: 3b16a5dc1a1dcd34497a69af099f0edc, type: 3}
      propertyPath: m_LocalPosition.x
      value: 8
      objectReference: {fileID: 0}
    - target: {fileID: -8679921383154817045, guid: 3b16a5dc1a1dcd34497a69af099f0edc, type: 3}
      propertyPath: m_LocalPosition.y
      value: 0
      objectReference: {fileID: 0}
    - target: {fileID: -8679921383154817045, guid: 3b16a5dc1a1dcd34497a69af099f0edc, type: 3}
      propertyPath: m_LocalPosition.z
      value: 0
      objectReference: {fileID: 0}
    - target: {fileID: -8679921383154817045, guid: 3b16a5dc1a1dcd34497a69af099f0edc, type: 3}
      propertyPath: m_LocalRotation.w
      value: 1
      objectReference: {fileID: 0}
    - target: {fileID: -8679921383154817045, guid: 3b16a5dc1a1dcd34497a69af099f0edc, type: 3}
      propertyPath: m_LocalRotation.x
      value: -0
      objectReference: {fileID: 0}
    - target: {fileID: -8679921383154817045, guid: 3b16a5dc1a1dcd34497a69af099f0edc, type: 3}
      propertyPath: m_LocalRotation.y
      value: -0
      objectReference: {fileID: 0}
    - target: {fileID: -8679921383154817045, guid: 3b16a5dc1a1dcd34497a69af099f0edc, type: 3}
      propertyPath: m_LocalRotation.z
      value: -0
      objectReference: {fileID: 0}
    - target: {fileID: -8679921383154817045, guid: 3b16a5dc1a1dcd34497a69af099f0edc, type: 3}
      propertyPath: m_LocalEulerAnglesHint.x
      value: 0
      objectReference: {fileID: 0}
    - target: {fileID: -8679921383154817045, guid: 3b16a5dc1a1dcd34497a69af099f0edc, type: 3}
      propertyPath: m_LocalEulerAnglesHint.y
      value: 0
      objectReference: {fileID: 0}
    - target: {fileID: -8679921383154817045, guid: 3b16a5dc1a1dcd34497a69af099f0edc, type: 3}
      propertyPath: m_LocalEulerAnglesHint.z
      value: 0
      objectReference: {fileID: 0}
    - target: {fileID: 919132149155446097, guid: 3b16a5dc1a1dcd34497a69af099f0edc, type: 3}
      propertyPath: m_Name
      value: wall (4)
      objectReference: {fileID: 0}
    m_RemovedComponents: []
  m_SourcePrefab: {fileID: 100100000, guid: 3b16a5dc1a1dcd34497a69af099f0edc, type: 3}
--- !u!4 &839049587459644679 stripped
Transform:
  m_CorrespondingSourceObject: {fileID: -8679921383154817045, guid: 3b16a5dc1a1dcd34497a69af099f0edc, type: 3}
  m_PrefabInstance: {fileID: 877742722315008748}
  m_PrefabAsset: {fileID: 0}
--- !u!1001 &880107823579967649
PrefabInstance:
  m_ObjectHideFlags: 0
  serializedVersion: 2
  m_Modification:
    m_TransformParent: {fileID: 6027617626673855530}
    m_Modifications:
    - target: {fileID: -8679921383154817045, guid: 3b16a5dc1a1dcd34497a69af099f0edc, type: 3}
      propertyPath: m_RootOrder
      value: 2
      objectReference: {fileID: 0}
    - target: {fileID: -8679921383154817045, guid: 3b16a5dc1a1dcd34497a69af099f0edc, type: 3}
      propertyPath: m_LocalPosition.x
      value: -8
      objectReference: {fileID: 0}
    - target: {fileID: -8679921383154817045, guid: 3b16a5dc1a1dcd34497a69af099f0edc, type: 3}
      propertyPath: m_LocalPosition.y
      value: 0
      objectReference: {fileID: 0}
    - target: {fileID: -8679921383154817045, guid: 3b16a5dc1a1dcd34497a69af099f0edc, type: 3}
      propertyPath: m_LocalPosition.z
      value: 0
      objectReference: {fileID: 0}
    - target: {fileID: -8679921383154817045, guid: 3b16a5dc1a1dcd34497a69af099f0edc, type: 3}
      propertyPath: m_LocalRotation.w
      value: 1
      objectReference: {fileID: 0}
    - target: {fileID: -8679921383154817045, guid: 3b16a5dc1a1dcd34497a69af099f0edc, type: 3}
      propertyPath: m_LocalRotation.x
      value: -0
      objectReference: {fileID: 0}
    - target: {fileID: -8679921383154817045, guid: 3b16a5dc1a1dcd34497a69af099f0edc, type: 3}
      propertyPath: m_LocalRotation.y
      value: -0
      objectReference: {fileID: 0}
    - target: {fileID: -8679921383154817045, guid: 3b16a5dc1a1dcd34497a69af099f0edc, type: 3}
      propertyPath: m_LocalRotation.z
      value: -0
      objectReference: {fileID: 0}
    - target: {fileID: -8679921383154817045, guid: 3b16a5dc1a1dcd34497a69af099f0edc, type: 3}
      propertyPath: m_LocalEulerAnglesHint.x
      value: 0
      objectReference: {fileID: 0}
    - target: {fileID: -8679921383154817045, guid: 3b16a5dc1a1dcd34497a69af099f0edc, type: 3}
      propertyPath: m_LocalEulerAnglesHint.y
      value: 0
      objectReference: {fileID: 0}
    - target: {fileID: -8679921383154817045, guid: 3b16a5dc1a1dcd34497a69af099f0edc, type: 3}
      propertyPath: m_LocalEulerAnglesHint.z
      value: 0
      objectReference: {fileID: 0}
    - target: {fileID: 919132149155446097, guid: 3b16a5dc1a1dcd34497a69af099f0edc, type: 3}
      propertyPath: m_Name
      value: wall (2)
      objectReference: {fileID: 0}
    m_RemovedComponents: []
  m_SourcePrefab: {fileID: 100100000, guid: 3b16a5dc1a1dcd34497a69af099f0edc, type: 3}
--- !u!4 &845687283066328906 stripped
Transform:
  m_CorrespondingSourceObject: {fileID: -8679921383154817045, guid: 3b16a5dc1a1dcd34497a69af099f0edc, type: 3}
  m_PrefabInstance: {fileID: 880107823579967649}
  m_PrefabAsset: {fileID: 0}
--- !u!1001 &1107081607989464822
PrefabInstance:
  m_ObjectHideFlags: 0
  serializedVersion: 2
  m_Modification:
    m_TransformParent: {fileID: 5695221387764010552}
    m_Modifications:
    - target: {fileID: -8679921383154817045, guid: 3b16a5dc1a1dcd34497a69af099f0edc, type: 3}
      propertyPath: m_RootOrder
      value: 3
      objectReference: {fileID: 0}
    - target: {fileID: -8679921383154817045, guid: 3b16a5dc1a1dcd34497a69af099f0edc, type: 3}
      propertyPath: m_LocalPosition.x
      value: -4
      objectReference: {fileID: 0}
    - target: {fileID: -8679921383154817045, guid: 3b16a5dc1a1dcd34497a69af099f0edc, type: 3}
      propertyPath: m_LocalPosition.y
      value: 0
      objectReference: {fileID: 0}
    - target: {fileID: -8679921383154817045, guid: 3b16a5dc1a1dcd34497a69af099f0edc, type: 3}
      propertyPath: m_LocalPosition.z
      value: 0
      objectReference: {fileID: 0}
    - target: {fileID: -8679921383154817045, guid: 3b16a5dc1a1dcd34497a69af099f0edc, type: 3}
      propertyPath: m_LocalRotation.w
      value: 1
      objectReference: {fileID: 0}
    - target: {fileID: -8679921383154817045, guid: 3b16a5dc1a1dcd34497a69af099f0edc, type: 3}
      propertyPath: m_LocalRotation.x
      value: -0
      objectReference: {fileID: 0}
    - target: {fileID: -8679921383154817045, guid: 3b16a5dc1a1dcd34497a69af099f0edc, type: 3}
      propertyPath: m_LocalRotation.y
      value: -0
      objectReference: {fileID: 0}
    - target: {fileID: -8679921383154817045, guid: 3b16a5dc1a1dcd34497a69af099f0edc, type: 3}
      propertyPath: m_LocalRotation.z
      value: -0
      objectReference: {fileID: 0}
    - target: {fileID: -8679921383154817045, guid: 3b16a5dc1a1dcd34497a69af099f0edc, type: 3}
      propertyPath: m_LocalEulerAnglesHint.x
      value: 0
      objectReference: {fileID: 0}
    - target: {fileID: -8679921383154817045, guid: 3b16a5dc1a1dcd34497a69af099f0edc, type: 3}
      propertyPath: m_LocalEulerAnglesHint.y
      value: 0
      objectReference: {fileID: 0}
    - target: {fileID: -8679921383154817045, guid: 3b16a5dc1a1dcd34497a69af099f0edc, type: 3}
      propertyPath: m_LocalEulerAnglesHint.z
      value: 0
      objectReference: {fileID: 0}
    - target: {fileID: 919132149155446097, guid: 3b16a5dc1a1dcd34497a69af099f0edc, type: 3}
      propertyPath: m_Name
      value: wall (1)
      objectReference: {fileID: 0}
    m_RemovedComponents: []
  m_SourcePrefab: {fileID: 100100000, guid: 3b16a5dc1a1dcd34497a69af099f0edc, type: 3}
--- !u!4 &637151209176295709 stripped
Transform:
  m_CorrespondingSourceObject: {fileID: -8679921383154817045, guid: 3b16a5dc1a1dcd34497a69af099f0edc, type: 3}
  m_PrefabInstance: {fileID: 1107081607989464822}
  m_PrefabAsset: {fileID: 0}
--- !u!1001 &1477025573435190691
PrefabInstance:
  m_ObjectHideFlags: 0
  serializedVersion: 2
  m_Modification:
    m_TransformParent: {fileID: 5334702826204157376}
    m_Modifications:
    - target: {fileID: -8679921383154817045, guid: 3b16a5dc1a1dcd34497a69af099f0edc, type: 3}
      propertyPath: m_RootOrder
      value: 2
      objectReference: {fileID: 0}
    - target: {fileID: -8679921383154817045, guid: 3b16a5dc1a1dcd34497a69af099f0edc, type: 3}
      propertyPath: m_LocalPosition.x
      value: -8
      objectReference: {fileID: 0}
    - target: {fileID: -8679921383154817045, guid: 3b16a5dc1a1dcd34497a69af099f0edc, type: 3}
      propertyPath: m_LocalPosition.y
      value: 0
      objectReference: {fileID: 0}
    - target: {fileID: -8679921383154817045, guid: 3b16a5dc1a1dcd34497a69af099f0edc, type: 3}
      propertyPath: m_LocalPosition.z
      value: 0
      objectReference: {fileID: 0}
    - target: {fileID: -8679921383154817045, guid: 3b16a5dc1a1dcd34497a69af099f0edc, type: 3}
      propertyPath: m_LocalRotation.w
      value: 1
      objectReference: {fileID: 0}
    - target: {fileID: -8679921383154817045, guid: 3b16a5dc1a1dcd34497a69af099f0edc, type: 3}
      propertyPath: m_LocalRotation.x
      value: -0
      objectReference: {fileID: 0}
    - target: {fileID: -8679921383154817045, guid: 3b16a5dc1a1dcd34497a69af099f0edc, type: 3}
      propertyPath: m_LocalRotation.y
      value: -0
      objectReference: {fileID: 0}
    - target: {fileID: -8679921383154817045, guid: 3b16a5dc1a1dcd34497a69af099f0edc, type: 3}
      propertyPath: m_LocalRotation.z
      value: -0
      objectReference: {fileID: 0}
    - target: {fileID: -8679921383154817045, guid: 3b16a5dc1a1dcd34497a69af099f0edc, type: 3}
      propertyPath: m_LocalEulerAnglesHint.x
      value: 0
      objectReference: {fileID: 0}
    - target: {fileID: -8679921383154817045, guid: 3b16a5dc1a1dcd34497a69af099f0edc, type: 3}
      propertyPath: m_LocalEulerAnglesHint.y
      value: 0
      objectReference: {fileID: 0}
    - target: {fileID: -8679921383154817045, guid: 3b16a5dc1a1dcd34497a69af099f0edc, type: 3}
      propertyPath: m_LocalEulerAnglesHint.z
      value: 0
      objectReference: {fileID: 0}
    - target: {fileID: 919132149155446097, guid: 3b16a5dc1a1dcd34497a69af099f0edc, type: 3}
      propertyPath: m_Name
      value: wall (2)
      objectReference: {fileID: 0}
    m_RemovedComponents: []
  m_SourcePrefab: {fileID: 100100000, guid: 3b16a5dc1a1dcd34497a69af099f0edc, type: 3}
--- !u!4 &1438279490558544456 stripped
Transform:
  m_CorrespondingSourceObject: {fileID: -8679921383154817045, guid: 3b16a5dc1a1dcd34497a69af099f0edc, type: 3}
  m_PrefabInstance: {fileID: 1477025573435190691}
  m_PrefabAsset: {fileID: 0}
--- !u!1001 &1511028525549699615
PrefabInstance:
  m_ObjectHideFlags: 0
  serializedVersion: 2
  m_Modification:
    m_TransformParent: {fileID: 6477844559810604241}
    m_Modifications:
    - target: {fileID: -8679921383154817045, guid: 3fb095b2ae0530a4d977e5624a8d0322, type: 3}
      propertyPath: m_RootOrder
      value: 1
      objectReference: {fileID: 0}
    - target: {fileID: -8679921383154817045, guid: 3fb095b2ae0530a4d977e5624a8d0322, type: 3}
      propertyPath: m_LocalPosition.x
      value: -0.010000467
      objectReference: {fileID: 0}
    - target: {fileID: -8679921383154817045, guid: 3fb095b2ae0530a4d977e5624a8d0322, type: 3}
      propertyPath: m_LocalPosition.y
      value: 0
      objectReference: {fileID: 0}
    - target: {fileID: -8679921383154817045, guid: 3fb095b2ae0530a4d977e5624a8d0322, type: 3}
      propertyPath: m_LocalPosition.z
      value: -5.86
      objectReference: {fileID: 0}
    - target: {fileID: -8679921383154817045, guid: 3fb095b2ae0530a4d977e5624a8d0322, type: 3}
      propertyPath: m_LocalRotation.w
      value: 1
      objectReference: {fileID: 0}
    - target: {fileID: -8679921383154817045, guid: 3fb095b2ae0530a4d977e5624a8d0322, type: 3}
      propertyPath: m_LocalRotation.x
      value: -0
      objectReference: {fileID: 0}
    - target: {fileID: -8679921383154817045, guid: 3fb095b2ae0530a4d977e5624a8d0322, type: 3}
      propertyPath: m_LocalRotation.y
      value: -0
      objectReference: {fileID: 0}
    - target: {fileID: -8679921383154817045, guid: 3fb095b2ae0530a4d977e5624a8d0322, type: 3}
      propertyPath: m_LocalRotation.z
      value: -0
      objectReference: {fileID: 0}
    - target: {fileID: -8679921383154817045, guid: 3fb095b2ae0530a4d977e5624a8d0322, type: 3}
      propertyPath: m_LocalEulerAnglesHint.x
      value: 0
      objectReference: {fileID: 0}
    - target: {fileID: -8679921383154817045, guid: 3fb095b2ae0530a4d977e5624a8d0322, type: 3}
      propertyPath: m_LocalEulerAnglesHint.y
      value: 0
      objectReference: {fileID: 0}
    - target: {fileID: -8679921383154817045, guid: 3fb095b2ae0530a4d977e5624a8d0322, type: 3}
      propertyPath: m_LocalEulerAnglesHint.z
      value: 0
      objectReference: {fileID: 0}
    - target: {fileID: 919132149155446097, guid: 3fb095b2ae0530a4d977e5624a8d0322, type: 3}
      propertyPath: m_Name
      value: tileBrickB_large (1)
      objectReference: {fileID: 0}
    m_RemovedComponents: []
  m_SourcePrefab: {fileID: 100100000, guid: 3fb095b2ae0530a4d977e5624a8d0322, type: 3}
--- !u!4 &1401456269644146164 stripped
Transform:
  m_CorrespondingSourceObject: {fileID: -8679921383154817045, guid: 3fb095b2ae0530a4d977e5624a8d0322, type: 3}
  m_PrefabInstance: {fileID: 1511028525549699615}
  m_PrefabAsset: {fileID: 0}
--- !u!1001 &1734807642139216742
PrefabInstance:
  m_ObjectHideFlags: 0
  serializedVersion: 2
  m_Modification:
    m_TransformParent: {fileID: 6477844559810604241}
    m_Modifications:
    - target: {fileID: -8679921383154817045, guid: 3fb095b2ae0530a4d977e5624a8d0322, type: 3}
      propertyPath: m_RootOrder
      value: 2
      objectReference: {fileID: 0}
    - target: {fileID: -8679921383154817045, guid: 3fb095b2ae0530a4d977e5624a8d0322, type: 3}
      propertyPath: m_LocalPosition.x
      value: -0.010000467
      objectReference: {fileID: 0}
    - target: {fileID: -8679921383154817045, guid: 3fb095b2ae0530a4d977e5624a8d0322, type: 3}
      propertyPath: m_LocalPosition.y
      value: 0
      objectReference: {fileID: 0}
    - target: {fileID: -8679921383154817045, guid: 3fb095b2ae0530a4d977e5624a8d0322, type: 3}
      propertyPath: m_LocalPosition.z
      value: 6.14
      objectReference: {fileID: 0}
    - target: {fileID: -8679921383154817045, guid: 3fb095b2ae0530a4d977e5624a8d0322, type: 3}
      propertyPath: m_LocalRotation.w
      value: 1
      objectReference: {fileID: 0}
    - target: {fileID: -8679921383154817045, guid: 3fb095b2ae0530a4d977e5624a8d0322, type: 3}
      propertyPath: m_LocalRotation.x
      value: -0
      objectReference: {fileID: 0}
    - target: {fileID: -8679921383154817045, guid: 3fb095b2ae0530a4d977e5624a8d0322, type: 3}
      propertyPath: m_LocalRotation.y
      value: -0
      objectReference: {fileID: 0}
    - target: {fileID: -8679921383154817045, guid: 3fb095b2ae0530a4d977e5624a8d0322, type: 3}
      propertyPath: m_LocalRotation.z
      value: -0
      objectReference: {fileID: 0}
    - target: {fileID: -8679921383154817045, guid: 3fb095b2ae0530a4d977e5624a8d0322, type: 3}
      propertyPath: m_LocalEulerAnglesHint.x
      value: 0
      objectReference: {fileID: 0}
    - target: {fileID: -8679921383154817045, guid: 3fb095b2ae0530a4d977e5624a8d0322, type: 3}
      propertyPath: m_LocalEulerAnglesHint.y
      value: 0
      objectReference: {fileID: 0}
    - target: {fileID: -8679921383154817045, guid: 3fb095b2ae0530a4d977e5624a8d0322, type: 3}
      propertyPath: m_LocalEulerAnglesHint.z
      value: 0
      objectReference: {fileID: 0}
    - target: {fileID: 919132149155446097, guid: 3fb095b2ae0530a4d977e5624a8d0322, type: 3}
      propertyPath: m_Name
      value: tileBrickB_large (2)
      objectReference: {fileID: 0}
    m_RemovedComponents: []
  m_SourcePrefab: {fileID: 100100000, guid: 3fb095b2ae0530a4d977e5624a8d0322, type: 3}
--- !u!4 &2277131627734379661 stripped
Transform:
  m_CorrespondingSourceObject: {fileID: -8679921383154817045, guid: 3fb095b2ae0530a4d977e5624a8d0322, type: 3}
  m_PrefabInstance: {fileID: 1734807642139216742}
  m_PrefabAsset: {fileID: 0}
--- !u!1001 &1905972646602703183
PrefabInstance:
  m_ObjectHideFlags: 0
  serializedVersion: 2
  m_Modification:
    m_TransformParent: {fileID: 5325366602610230223}
    m_Modifications:
    - target: {fileID: -8679921383154817045, guid: 3b16a5dc1a1dcd34497a69af099f0edc, type: 3}
      propertyPath: m_RootOrder
      value: 2
      objectReference: {fileID: 0}
    - target: {fileID: -8679921383154817045, guid: 3b16a5dc1a1dcd34497a69af099f0edc, type: 3}
      propertyPath: m_LocalPosition.x
      value: -8
      objectReference: {fileID: 0}
    - target: {fileID: -8679921383154817045, guid: 3b16a5dc1a1dcd34497a69af099f0edc, type: 3}
      propertyPath: m_LocalPosition.y
      value: 0
      objectReference: {fileID: 0}
    - target: {fileID: -8679921383154817045, guid: 3b16a5dc1a1dcd34497a69af099f0edc, type: 3}
      propertyPath: m_LocalPosition.z
      value: 0
      objectReference: {fileID: 0}
    - target: {fileID: -8679921383154817045, guid: 3b16a5dc1a1dcd34497a69af099f0edc, type: 3}
      propertyPath: m_LocalRotation.w
      value: 1
      objectReference: {fileID: 0}
    - target: {fileID: -8679921383154817045, guid: 3b16a5dc1a1dcd34497a69af099f0edc, type: 3}
      propertyPath: m_LocalRotation.x
      value: -0
      objectReference: {fileID: 0}
    - target: {fileID: -8679921383154817045, guid: 3b16a5dc1a1dcd34497a69af099f0edc, type: 3}
      propertyPath: m_LocalRotation.y
      value: -0
      objectReference: {fileID: 0}
    - target: {fileID: -8679921383154817045, guid: 3b16a5dc1a1dcd34497a69af099f0edc, type: 3}
      propertyPath: m_LocalRotation.z
      value: -0
      objectReference: {fileID: 0}
    - target: {fileID: -8679921383154817045, guid: 3b16a5dc1a1dcd34497a69af099f0edc, type: 3}
      propertyPath: m_LocalEulerAnglesHint.x
      value: 0
      objectReference: {fileID: 0}
    - target: {fileID: -8679921383154817045, guid: 3b16a5dc1a1dcd34497a69af099f0edc, type: 3}
      propertyPath: m_LocalEulerAnglesHint.y
      value: 0
      objectReference: {fileID: 0}
    - target: {fileID: -8679921383154817045, guid: 3b16a5dc1a1dcd34497a69af099f0edc, type: 3}
      propertyPath: m_LocalEulerAnglesHint.z
      value: 0
      objectReference: {fileID: 0}
    - target: {fileID: 919132149155446097, guid: 3b16a5dc1a1dcd34497a69af099f0edc, type: 3}
      propertyPath: m_Name
      value: wall (2)
      objectReference: {fileID: 0}
    m_RemovedComponents: []
  m_SourcePrefab: {fileID: 100100000, guid: 3b16a5dc1a1dcd34497a69af099f0edc, type: 3}
--- !u!4 &2159996620331083428 stripped
Transform:
  m_CorrespondingSourceObject: {fileID: -8679921383154817045, guid: 3b16a5dc1a1dcd34497a69af099f0edc, type: 3}
  m_PrefabInstance: {fileID: 1905972646602703183}
  m_PrefabAsset: {fileID: 0}
--- !u!1001 &2058238006946082418
PrefabInstance:
  m_ObjectHideFlags: 0
  serializedVersion: 2
  m_Modification:
    m_TransformParent: {fileID: 5334702826204157376}
    m_Modifications:
    - target: {fileID: -8679921383154817045, guid: 3b16a5dc1a1dcd34497a69af099f0edc, type: 3}
      propertyPath: m_RootOrder
      value: 1
      objectReference: {fileID: 0}
    - target: {fileID: -8679921383154817045, guid: 3b16a5dc1a1dcd34497a69af099f0edc, type: 3}
      propertyPath: m_LocalPosition.x
      value: 4
      objectReference: {fileID: 0}
    - target: {fileID: -8679921383154817045, guid: 3b16a5dc1a1dcd34497a69af099f0edc, type: 3}
      propertyPath: m_LocalPosition.y
      value: 0
      objectReference: {fileID: 0}
    - target: {fileID: -8679921383154817045, guid: 3b16a5dc1a1dcd34497a69af099f0edc, type: 3}
      propertyPath: m_LocalPosition.z
      value: 0
      objectReference: {fileID: 0}
    - target: {fileID: -8679921383154817045, guid: 3b16a5dc1a1dcd34497a69af099f0edc, type: 3}
      propertyPath: m_LocalRotation.w
      value: 1
      objectReference: {fileID: 0}
    - target: {fileID: -8679921383154817045, guid: 3b16a5dc1a1dcd34497a69af099f0edc, type: 3}
      propertyPath: m_LocalRotation.x
      value: -0
      objectReference: {fileID: 0}
    - target: {fileID: -8679921383154817045, guid: 3b16a5dc1a1dcd34497a69af099f0edc, type: 3}
      propertyPath: m_LocalRotation.y
      value: -0
      objectReference: {fileID: 0}
    - target: {fileID: -8679921383154817045, guid: 3b16a5dc1a1dcd34497a69af099f0edc, type: 3}
      propertyPath: m_LocalRotation.z
      value: -0
      objectReference: {fileID: 0}
    - target: {fileID: -8679921383154817045, guid: 3b16a5dc1a1dcd34497a69af099f0edc, type: 3}
      propertyPath: m_LocalEulerAnglesHint.x
      value: 0
      objectReference: {fileID: 0}
    - target: {fileID: -8679921383154817045, guid: 3b16a5dc1a1dcd34497a69af099f0edc, type: 3}
      propertyPath: m_LocalEulerAnglesHint.y
      value: 0
      objectReference: {fileID: 0}
    - target: {fileID: -8679921383154817045, guid: 3b16a5dc1a1dcd34497a69af099f0edc, type: 3}
      propertyPath: m_LocalEulerAnglesHint.z
      value: 0
      objectReference: {fileID: 0}
    - target: {fileID: 919132149155446097, guid: 3b16a5dc1a1dcd34497a69af099f0edc, type: 3}
      propertyPath: m_Name
      value: wall (3)
      objectReference: {fileID: 0}
    m_RemovedComponents: []
  m_SourcePrefab: {fileID: 100100000, guid: 3b16a5dc1a1dcd34497a69af099f0edc, type: 3}
--- !u!4 &1953135014430886297 stripped
Transform:
  m_CorrespondingSourceObject: {fileID: -8679921383154817045, guid: 3b16a5dc1a1dcd34497a69af099f0edc, type: 3}
  m_PrefabInstance: {fileID: 2058238006946082418}
  m_PrefabAsset: {fileID: 0}
--- !u!1001 &2068740954924814438
PrefabInstance:
  m_ObjectHideFlags: 0
  serializedVersion: 2
  m_Modification:
    m_TransformParent: {fileID: 5695221387764010552}
    m_Modifications:
    - target: {fileID: -8679921383154817045, guid: 3b16a5dc1a1dcd34497a69af099f0edc, type: 3}
      propertyPath: m_RootOrder
      value: 1
      objectReference: {fileID: 0}
    - target: {fileID: -8679921383154817045, guid: 3b16a5dc1a1dcd34497a69af099f0edc, type: 3}
      propertyPath: m_LocalPosition.x
      value: 4
      objectReference: {fileID: 0}
    - target: {fileID: -8679921383154817045, guid: 3b16a5dc1a1dcd34497a69af099f0edc, type: 3}
      propertyPath: m_LocalPosition.y
      value: 0
      objectReference: {fileID: 0}
    - target: {fileID: -8679921383154817045, guid: 3b16a5dc1a1dcd34497a69af099f0edc, type: 3}
      propertyPath: m_LocalPosition.z
      value: 0
      objectReference: {fileID: 0}
    - target: {fileID: -8679921383154817045, guid: 3b16a5dc1a1dcd34497a69af099f0edc, type: 3}
      propertyPath: m_LocalRotation.w
      value: 1
      objectReference: {fileID: 0}
    - target: {fileID: -8679921383154817045, guid: 3b16a5dc1a1dcd34497a69af099f0edc, type: 3}
      propertyPath: m_LocalRotation.x
      value: -0
      objectReference: {fileID: 0}
    - target: {fileID: -8679921383154817045, guid: 3b16a5dc1a1dcd34497a69af099f0edc, type: 3}
      propertyPath: m_LocalRotation.y
      value: -0
      objectReference: {fileID: 0}
    - target: {fileID: -8679921383154817045, guid: 3b16a5dc1a1dcd34497a69af099f0edc, type: 3}
      propertyPath: m_LocalRotation.z
      value: -0
      objectReference: {fileID: 0}
    - target: {fileID: -8679921383154817045, guid: 3b16a5dc1a1dcd34497a69af099f0edc, type: 3}
      propertyPath: m_LocalEulerAnglesHint.x
      value: 0
      objectReference: {fileID: 0}
    - target: {fileID: -8679921383154817045, guid: 3b16a5dc1a1dcd34497a69af099f0edc, type: 3}
      propertyPath: m_LocalEulerAnglesHint.y
      value: 0
      objectReference: {fileID: 0}
    - target: {fileID: -8679921383154817045, guid: 3b16a5dc1a1dcd34497a69af099f0edc, type: 3}
      propertyPath: m_LocalEulerAnglesHint.z
      value: 0
      objectReference: {fileID: 0}
    - target: {fileID: 919132149155446097, guid: 3b16a5dc1a1dcd34497a69af099f0edc, type: 3}
      propertyPath: m_Name
      value: wall (3)
      objectReference: {fileID: 0}
    m_RemovedComponents: []
  m_SourcePrefab: {fileID: 100100000, guid: 3b16a5dc1a1dcd34497a69af099f0edc, type: 3}
--- !u!4 &1963320455731738509 stripped
Transform:
  m_CorrespondingSourceObject: {fileID: -8679921383154817045, guid: 3b16a5dc1a1dcd34497a69af099f0edc, type: 3}
  m_PrefabInstance: {fileID: 2068740954924814438}
  m_PrefabAsset: {fileID: 0}
--- !u!1001 &2358529683720975427
PrefabInstance:
  m_ObjectHideFlags: 0
  serializedVersion: 2
  m_Modification:
    m_TransformParent: {fileID: 6477844559810604241}
    m_Modifications:
    - target: {fileID: -8679921383154817045, guid: 6a7d6052cef83b945bf7bd148e29ddb3, type: 3}
      propertyPath: m_RootOrder
      value: 8
      objectReference: {fileID: 0}
    - target: {fileID: -8679921383154817045, guid: 6a7d6052cef83b945bf7bd148e29ddb3, type: 3}
      propertyPath: m_LocalPosition.x
      value: 5.99
      objectReference: {fileID: 0}
    - target: {fileID: -8679921383154817045, guid: 6a7d6052cef83b945bf7bd148e29ddb3, type: 3}
      propertyPath: m_LocalPosition.y
      value: 0
      objectReference: {fileID: 0}
    - target: {fileID: -8679921383154817045, guid: 6a7d6052cef83b945bf7bd148e29ddb3, type: 3}
      propertyPath: m_LocalPosition.z
      value: 0.14
      objectReference: {fileID: 0}
    - target: {fileID: -8679921383154817045, guid: 6a7d6052cef83b945bf7bd148e29ddb3, type: 3}
      propertyPath: m_LocalRotation.w
      value: 1
      objectReference: {fileID: 0}
    - target: {fileID: -8679921383154817045, guid: 6a7d6052cef83b945bf7bd148e29ddb3, type: 3}
      propertyPath: m_LocalRotation.x
      value: -0
      objectReference: {fileID: 0}
    - target: {fileID: -8679921383154817045, guid: 6a7d6052cef83b945bf7bd148e29ddb3, type: 3}
      propertyPath: m_LocalRotation.y
      value: -0
      objectReference: {fileID: 0}
    - target: {fileID: -8679921383154817045, guid: 6a7d6052cef83b945bf7bd148e29ddb3, type: 3}
      propertyPath: m_LocalRotation.z
      value: -0
      objectReference: {fileID: 0}
    - target: {fileID: -8679921383154817045, guid: 6a7d6052cef83b945bf7bd148e29ddb3, type: 3}
      propertyPath: m_LocalEulerAnglesHint.x
      value: 0
      objectReference: {fileID: 0}
    - target: {fileID: -8679921383154817045, guid: 6a7d6052cef83b945bf7bd148e29ddb3, type: 3}
      propertyPath: m_LocalEulerAnglesHint.y
      value: 0
      objectReference: {fileID: 0}
    - target: {fileID: -8679921383154817045, guid: 6a7d6052cef83b945bf7bd148e29ddb3, type: 3}
      propertyPath: m_LocalEulerAnglesHint.z
      value: 0
      objectReference: {fileID: 0}
    - target: {fileID: 919132149155446097, guid: 6a7d6052cef83b945bf7bd148e29ddb3, type: 3}
      propertyPath: m_Name
      value: tileBrickB_largeCrackedA (2)
      objectReference: {fileID: 0}
    m_RemovedComponents: []
  m_SourcePrefab: {fileID: 100100000, guid: 6a7d6052cef83b945bf7bd148e29ddb3, type: 3}
--- !u!4 &2824204730272207784 stripped
Transform:
  m_CorrespondingSourceObject: {fileID: -8679921383154817045, guid: 6a7d6052cef83b945bf7bd148e29ddb3, type: 3}
  m_PrefabInstance: {fileID: 2358529683720975427}
  m_PrefabAsset: {fileID: 0}
--- !u!1001 &2560070945242229651
PrefabInstance:
  m_ObjectHideFlags: 0
  serializedVersion: 2
  m_Modification:
    m_TransformParent: {fileID: 5334702826204157376}
    m_Modifications:
    - target: {fileID: -8679921383154817045, guid: 3b16a5dc1a1dcd34497a69af099f0edc, type: 3}
      propertyPath: m_RootOrder
      value: 4
      objectReference: {fileID: 0}
    - target: {fileID: -8679921383154817045, guid: 3b16a5dc1a1dcd34497a69af099f0edc, type: 3}
      propertyPath: m_LocalPosition.x
      value: 0
      objectReference: {fileID: 0}
    - target: {fileID: -8679921383154817045, guid: 3b16a5dc1a1dcd34497a69af099f0edc, type: 3}
      propertyPath: m_LocalPosition.y
      value: 0
      objectReference: {fileID: 0}
    - target: {fileID: -8679921383154817045, guid: 3b16a5dc1a1dcd34497a69af099f0edc, type: 3}
      propertyPath: m_LocalPosition.z
      value: 0
      objectReference: {fileID: 0}
    - target: {fileID: -8679921383154817045, guid: 3b16a5dc1a1dcd34497a69af099f0edc, type: 3}
      propertyPath: m_LocalRotation.w
      value: 1
      objectReference: {fileID: 0}
    - target: {fileID: -8679921383154817045, guid: 3b16a5dc1a1dcd34497a69af099f0edc, type: 3}
      propertyPath: m_LocalRotation.x
      value: -0
      objectReference: {fileID: 0}
    - target: {fileID: -8679921383154817045, guid: 3b16a5dc1a1dcd34497a69af099f0edc, type: 3}
      propertyPath: m_LocalRotation.y
      value: -0
      objectReference: {fileID: 0}
    - target: {fileID: -8679921383154817045, guid: 3b16a5dc1a1dcd34497a69af099f0edc, type: 3}
      propertyPath: m_LocalRotation.z
      value: -0
      objectReference: {fileID: 0}
    - target: {fileID: -8679921383154817045, guid: 3b16a5dc1a1dcd34497a69af099f0edc, type: 3}
      propertyPath: m_LocalEulerAnglesHint.x
      value: 0
      objectReference: {fileID: 0}
    - target: {fileID: -8679921383154817045, guid: 3b16a5dc1a1dcd34497a69af099f0edc, type: 3}
      propertyPath: m_LocalEulerAnglesHint.y
      value: 0
      objectReference: {fileID: 0}
    - target: {fileID: -8679921383154817045, guid: 3b16a5dc1a1dcd34497a69af099f0edc, type: 3}
      propertyPath: m_LocalEulerAnglesHint.z
      value: 0
      objectReference: {fileID: 0}
    - target: {fileID: 919132149155446097, guid: 3b16a5dc1a1dcd34497a69af099f0edc, type: 3}
      propertyPath: m_Name
      value: wall
      objectReference: {fileID: 0}
    m_RemovedComponents: []
  m_SourcePrefab: {fileID: 100100000, guid: 3b16a5dc1a1dcd34497a69af099f0edc, type: 3}
--- !u!4 &2597885978513984632 stripped
Transform:
  m_CorrespondingSourceObject: {fileID: -8679921383154817045, guid: 3b16a5dc1a1dcd34497a69af099f0edc, type: 3}
  m_PrefabInstance: {fileID: 2560070945242229651}
  m_PrefabAsset: {fileID: 0}
--- !u!1001 &4044755163081059714
PrefabInstance:
  m_ObjectHideFlags: 0
  serializedVersion: 2
  m_Modification:
    m_TransformParent: {fileID: 6477844559810604241}
    m_Modifications:
    - target: {fileID: -8679921383154817045, guid: 3fb095b2ae0530a4d977e5624a8d0322, type: 3}
      propertyPath: m_RootOrder
      value: 0
      objectReference: {fileID: 0}
    - target: {fileID: -8679921383154817045, guid: 3fb095b2ae0530a4d977e5624a8d0322, type: 3}
      propertyPath: m_LocalPosition.x
      value: -0.010000467
      objectReference: {fileID: 0}
    - target: {fileID: -8679921383154817045, guid: 3fb095b2ae0530a4d977e5624a8d0322, type: 3}
      propertyPath: m_LocalPosition.y
      value: 0
      objectReference: {fileID: 0}
    - target: {fileID: -8679921383154817045, guid: 3fb095b2ae0530a4d977e5624a8d0322, type: 3}
      propertyPath: m_LocalPosition.z
      value: 0.13999999
      objectReference: {fileID: 0}
    - target: {fileID: -8679921383154817045, guid: 3fb095b2ae0530a4d977e5624a8d0322, type: 3}
      propertyPath: m_LocalRotation.w
      value: 1
      objectReference: {fileID: 0}
    - target: {fileID: -8679921383154817045, guid: 3fb095b2ae0530a4d977e5624a8d0322, type: 3}
      propertyPath: m_LocalRotation.x
      value: -0
      objectReference: {fileID: 0}
    - target: {fileID: -8679921383154817045, guid: 3fb095b2ae0530a4d977e5624a8d0322, type: 3}
      propertyPath: m_LocalRotation.y
      value: -0
      objectReference: {fileID: 0}
    - target: {fileID: -8679921383154817045, guid: 3fb095b2ae0530a4d977e5624a8d0322, type: 3}
      propertyPath: m_LocalRotation.z
      value: -0
      objectReference: {fileID: 0}
    - target: {fileID: -8679921383154817045, guid: 3fb095b2ae0530a4d977e5624a8d0322, type: 3}
      propertyPath: m_LocalEulerAnglesHint.x
      value: 0
      objectReference: {fileID: 0}
    - target: {fileID: -8679921383154817045, guid: 3fb095b2ae0530a4d977e5624a8d0322, type: 3}
      propertyPath: m_LocalEulerAnglesHint.y
      value: 0
      objectReference: {fileID: 0}
    - target: {fileID: -8679921383154817045, guid: 3fb095b2ae0530a4d977e5624a8d0322, type: 3}
      propertyPath: m_LocalEulerAnglesHint.z
      value: 0
      objectReference: {fileID: 0}
    - target: {fileID: 919132149155446097, guid: 3fb095b2ae0530a4d977e5624a8d0322, type: 3}
      propertyPath: m_Name
      value: tileBrickB_large
      objectReference: {fileID: 0}
    m_RemovedComponents: []
  m_SourcePrefab: {fileID: 100100000, guid: 3fb095b2ae0530a4d977e5624a8d0322, type: 3}
--- !u!4 &4587868506873317993 stripped
Transform:
  m_CorrespondingSourceObject: {fileID: -8679921383154817045, guid: 3fb095b2ae0530a4d977e5624a8d0322, type: 3}
  m_PrefabInstance: {fileID: 4044755163081059714}
  m_PrefabAsset: {fileID: 0}
--- !u!1001 &4124739246234080647
PrefabInstance:
  m_ObjectHideFlags: 0
  serializedVersion: 2
  m_Modification:
    m_TransformParent: {fileID: 5325366602610230223}
    m_Modifications:
    - target: {fileID: -8679921383154817045, guid: 3b16a5dc1a1dcd34497a69af099f0edc, type: 3}
      propertyPath: m_RootOrder
      value: 1
      objectReference: {fileID: 0}
    - target: {fileID: -8679921383154817045, guid: 3b16a5dc1a1dcd34497a69af099f0edc, type: 3}
      propertyPath: m_LocalPosition.x
      value: 4
      objectReference: {fileID: 0}
    - target: {fileID: -8679921383154817045, guid: 3b16a5dc1a1dcd34497a69af099f0edc, type: 3}
      propertyPath: m_LocalPosition.y
      value: 0
      objectReference: {fileID: 0}
    - target: {fileID: -8679921383154817045, guid: 3b16a5dc1a1dcd34497a69af099f0edc, type: 3}
      propertyPath: m_LocalPosition.z
      value: 0
      objectReference: {fileID: 0}
    - target: {fileID: -8679921383154817045, guid: 3b16a5dc1a1dcd34497a69af099f0edc, type: 3}
      propertyPath: m_LocalRotation.w
      value: 1
      objectReference: {fileID: 0}
    - target: {fileID: -8679921383154817045, guid: 3b16a5dc1a1dcd34497a69af099f0edc, type: 3}
      propertyPath: m_LocalRotation.x
      value: -0
      objectReference: {fileID: 0}
    - target: {fileID: -8679921383154817045, guid: 3b16a5dc1a1dcd34497a69af099f0edc, type: 3}
      propertyPath: m_LocalRotation.y
      value: -0
      objectReference: {fileID: 0}
    - target: {fileID: -8679921383154817045, guid: 3b16a5dc1a1dcd34497a69af099f0edc, type: 3}
      propertyPath: m_LocalRotation.z
      value: -0
      objectReference: {fileID: 0}
    - target: {fileID: -8679921383154817045, guid: 3b16a5dc1a1dcd34497a69af099f0edc, type: 3}
      propertyPath: m_LocalEulerAnglesHint.x
      value: 0
      objectReference: {fileID: 0}
    - target: {fileID: -8679921383154817045, guid: 3b16a5dc1a1dcd34497a69af099f0edc, type: 3}
      propertyPath: m_LocalEulerAnglesHint.y
      value: 0
      objectReference: {fileID: 0}
    - target: {fileID: -8679921383154817045, guid: 3b16a5dc1a1dcd34497a69af099f0edc, type: 3}
      propertyPath: m_LocalEulerAnglesHint.z
      value: 0
      objectReference: {fileID: 0}
    - target: {fileID: 919132149155446097, guid: 3b16a5dc1a1dcd34497a69af099f0edc, type: 3}
      propertyPath: m_Name
      value: wall (3)
      objectReference: {fileID: 0}
    m_RemovedComponents: []
  m_SourcePrefab: {fileID: 100100000, guid: 3b16a5dc1a1dcd34497a69af099f0edc, type: 3}
--- !u!4 &4518444137688101484 stripped
Transform:
  m_CorrespondingSourceObject: {fileID: -8679921383154817045, guid: 3b16a5dc1a1dcd34497a69af099f0edc, type: 3}
  m_PrefabInstance: {fileID: 4124739246234080647}
  m_PrefabAsset: {fileID: 0}
--- !u!1001 &4141742915768623030
PrefabInstance:
  m_ObjectHideFlags: 0
  serializedVersion: 2
  m_Modification:
    m_TransformParent: {fileID: 6477844559810604241}
    m_Modifications:
    - target: {fileID: -8679921383154817045, guid: 3fb095b2ae0530a4d977e5624a8d0322, type: 3}
      propertyPath: m_RootOrder
      value: 3
      objectReference: {fileID: 0}
    - target: {fileID: -8679921383154817045, guid: 3fb095b2ae0530a4d977e5624a8d0322, type: 3}
      propertyPath: m_LocalPosition.x
      value: 5.99
      objectReference: {fileID: 0}
    - target: {fileID: -8679921383154817045, guid: 3fb095b2ae0530a4d977e5624a8d0322, type: 3}
      propertyPath: m_LocalPosition.y
      value: 0
      objectReference: {fileID: 0}
    - target: {fileID: -8679921383154817045, guid: 3fb095b2ae0530a4d977e5624a8d0322, type: 3}
      propertyPath: m_LocalPosition.z
      value: 6.14
      objectReference: {fileID: 0}
    - target: {fileID: -8679921383154817045, guid: 3fb095b2ae0530a4d977e5624a8d0322, type: 3}
      propertyPath: m_LocalRotation.w
      value: 1
      objectReference: {fileID: 0}
    - target: {fileID: -8679921383154817045, guid: 3fb095b2ae0530a4d977e5624a8d0322, type: 3}
      propertyPath: m_LocalRotation.x
      value: -0
      objectReference: {fileID: 0}
    - target: {fileID: -8679921383154817045, guid: 3fb095b2ae0530a4d977e5624a8d0322, type: 3}
      propertyPath: m_LocalRotation.y
      value: -0
      objectReference: {fileID: 0}
    - target: {fileID: -8679921383154817045, guid: 3fb095b2ae0530a4d977e5624a8d0322, type: 3}
      propertyPath: m_LocalRotation.z
      value: -0
      objectReference: {fileID: 0}
    - target: {fileID: -8679921383154817045, guid: 3fb095b2ae0530a4d977e5624a8d0322, type: 3}
      propertyPath: m_LocalEulerAnglesHint.x
      value: 0
      objectReference: {fileID: 0}
    - target: {fileID: -8679921383154817045, guid: 3fb095b2ae0530a4d977e5624a8d0322, type: 3}
      propertyPath: m_LocalEulerAnglesHint.y
      value: 0
      objectReference: {fileID: 0}
    - target: {fileID: -8679921383154817045, guid: 3fb095b2ae0530a4d977e5624a8d0322, type: 3}
      propertyPath: m_LocalEulerAnglesHint.z
      value: 0
      objectReference: {fileID: 0}
    - target: {fileID: 919132149155446097, guid: 3fb095b2ae0530a4d977e5624a8d0322, type: 3}
      propertyPath: m_Name
      value: tileBrickB_large (5)
      objectReference: {fileID: 0}
    m_RemovedComponents: []
  m_SourcePrefab: {fileID: 100100000, guid: 3fb095b2ae0530a4d977e5624a8d0322, type: 3}
--- !u!4 &4535358202880751709 stripped
Transform:
  m_CorrespondingSourceObject: {fileID: -8679921383154817045, guid: 3fb095b2ae0530a4d977e5624a8d0322, type: 3}
  m_PrefabInstance: {fileID: 4141742915768623030}
  m_PrefabAsset: {fileID: 0}
--- !u!1001 &4348111286272169561
PrefabInstance:
  m_ObjectHideFlags: 0
  serializedVersion: 2
  m_Modification:
    m_TransformParent: {fileID: 5325366602610230223}
    m_Modifications:
    - target: {fileID: -8679921383154817045, guid: 3b16a5dc1a1dcd34497a69af099f0edc, type: 3}
      propertyPath: m_RootOrder
      value: 0
      objectReference: {fileID: 0}
    - target: {fileID: -8679921383154817045, guid: 3b16a5dc1a1dcd34497a69af099f0edc, type: 3}
      propertyPath: m_LocalPosition.x
      value: 8
      objectReference: {fileID: 0}
    - target: {fileID: -8679921383154817045, guid: 3b16a5dc1a1dcd34497a69af099f0edc, type: 3}
      propertyPath: m_LocalPosition.y
      value: 0
      objectReference: {fileID: 0}
    - target: {fileID: -8679921383154817045, guid: 3b16a5dc1a1dcd34497a69af099f0edc, type: 3}
      propertyPath: m_LocalPosition.z
      value: 0
      objectReference: {fileID: 0}
    - target: {fileID: -8679921383154817045, guid: 3b16a5dc1a1dcd34497a69af099f0edc, type: 3}
      propertyPath: m_LocalRotation.w
      value: 1
      objectReference: {fileID: 0}
    - target: {fileID: -8679921383154817045, guid: 3b16a5dc1a1dcd34497a69af099f0edc, type: 3}
      propertyPath: m_LocalRotation.x
      value: -0
      objectReference: {fileID: 0}
    - target: {fileID: -8679921383154817045, guid: 3b16a5dc1a1dcd34497a69af099f0edc, type: 3}
      propertyPath: m_LocalRotation.y
      value: -0
      objectReference: {fileID: 0}
    - target: {fileID: -8679921383154817045, guid: 3b16a5dc1a1dcd34497a69af099f0edc, type: 3}
      propertyPath: m_LocalRotation.z
      value: -0
      objectReference: {fileID: 0}
    - target: {fileID: -8679921383154817045, guid: 3b16a5dc1a1dcd34497a69af099f0edc, type: 3}
      propertyPath: m_LocalEulerAnglesHint.x
      value: 0
      objectReference: {fileID: 0}
    - target: {fileID: -8679921383154817045, guid: 3b16a5dc1a1dcd34497a69af099f0edc, type: 3}
      propertyPath: m_LocalEulerAnglesHint.y
      value: 0
      objectReference: {fileID: 0}
    - target: {fileID: -8679921383154817045, guid: 3b16a5dc1a1dcd34497a69af099f0edc, type: 3}
      propertyPath: m_LocalEulerAnglesHint.z
      value: 0
      objectReference: {fileID: 0}
    - target: {fileID: 919132149155446097, guid: 3b16a5dc1a1dcd34497a69af099f0edc, type: 3}
      propertyPath: m_Name
      value: wall (4)
      objectReference: {fileID: 0}
    m_RemovedComponents: []
  m_SourcePrefab: {fileID: 100100000, guid: 3b16a5dc1a1dcd34497a69af099f0edc, type: 3}
--- !u!4 &4313640645716865458 stripped
Transform:
  m_CorrespondingSourceObject: {fileID: -8679921383154817045, guid: 3b16a5dc1a1dcd34497a69af099f0edc, type: 3}
  m_PrefabInstance: {fileID: 4348111286272169561}
  m_PrefabAsset: {fileID: 0}
--- !u!1001 &4440120534562206858
PrefabInstance:
  m_ObjectHideFlags: 0
  serializedVersion: 2
  m_Modification:
    m_TransformParent: {fileID: 6027617626673855530}
    m_Modifications:
    - target: {fileID: -8679921383154817045, guid: 3b16a5dc1a1dcd34497a69af099f0edc, type: 3}
      propertyPath: m_RootOrder
      value: 1
      objectReference: {fileID: 0}
    - target: {fileID: -8679921383154817045, guid: 3b16a5dc1a1dcd34497a69af099f0edc, type: 3}
      propertyPath: m_LocalPosition.x
      value: 4
      objectReference: {fileID: 0}
    - target: {fileID: -8679921383154817045, guid: 3b16a5dc1a1dcd34497a69af099f0edc, type: 3}
      propertyPath: m_LocalPosition.y
      value: 0
      objectReference: {fileID: 0}
    - target: {fileID: -8679921383154817045, guid: 3b16a5dc1a1dcd34497a69af099f0edc, type: 3}
      propertyPath: m_LocalPosition.z
      value: 0
      objectReference: {fileID: 0}
    - target: {fileID: -8679921383154817045, guid: 3b16a5dc1a1dcd34497a69af099f0edc, type: 3}
      propertyPath: m_LocalRotation.w
      value: 1
      objectReference: {fileID: 0}
    - target: {fileID: -8679921383154817045, guid: 3b16a5dc1a1dcd34497a69af099f0edc, type: 3}
      propertyPath: m_LocalRotation.x
      value: -0
      objectReference: {fileID: 0}
    - target: {fileID: -8679921383154817045, guid: 3b16a5dc1a1dcd34497a69af099f0edc, type: 3}
      propertyPath: m_LocalRotation.y
      value: -0
      objectReference: {fileID: 0}
    - target: {fileID: -8679921383154817045, guid: 3b16a5dc1a1dcd34497a69af099f0edc, type: 3}
      propertyPath: m_LocalRotation.z
      value: -0
      objectReference: {fileID: 0}
    - target: {fileID: -8679921383154817045, guid: 3b16a5dc1a1dcd34497a69af099f0edc, type: 3}
      propertyPath: m_LocalEulerAnglesHint.x
      value: 0
      objectReference: {fileID: 0}
    - target: {fileID: -8679921383154817045, guid: 3b16a5dc1a1dcd34497a69af099f0edc, type: 3}
      propertyPath: m_LocalEulerAnglesHint.y
      value: 0
      objectReference: {fileID: 0}
    - target: {fileID: -8679921383154817045, guid: 3b16a5dc1a1dcd34497a69af099f0edc, type: 3}
      propertyPath: m_LocalEulerAnglesHint.z
      value: 0
      objectReference: {fileID: 0}
    - target: {fileID: 919132149155446097, guid: 3b16a5dc1a1dcd34497a69af099f0edc, type: 3}
      propertyPath: m_Name
      value: wall (3)
      objectReference: {fileID: 0}
    m_RemovedComponents: []
  m_SourcePrefab: {fileID: 100100000, guid: 3b16a5dc1a1dcd34497a69af099f0edc, type: 3}
--- !u!4 &4185184790292599649 stripped
Transform:
  m_CorrespondingSourceObject: {fileID: -8679921383154817045, guid: 3b16a5dc1a1dcd34497a69af099f0edc, type: 3}
  m_PrefabInstance: {fileID: 4440120534562206858}
  m_PrefabAsset: {fileID: 0}
--- !u!1001 &4793604178533464676
PrefabInstance:
  m_ObjectHideFlags: 0
  serializedVersion: 2
  m_Modification:
    m_TransformParent: {fileID: 6027617626673855530}
    m_Modifications:
    - target: {fileID: -8679921383154817045, guid: 3b16a5dc1a1dcd34497a69af099f0edc, type: 3}
      propertyPath: m_RootOrder
      value: 3
      objectReference: {fileID: 0}
    - target: {fileID: -8679921383154817045, guid: 3b16a5dc1a1dcd34497a69af099f0edc, type: 3}
      propertyPath: m_LocalPosition.x
      value: -4
      objectReference: {fileID: 0}
    - target: {fileID: -8679921383154817045, guid: 3b16a5dc1a1dcd34497a69af099f0edc, type: 3}
      propertyPath: m_LocalPosition.y
      value: 0
      objectReference: {fileID: 0}
    - target: {fileID: -8679921383154817045, guid: 3b16a5dc1a1dcd34497a69af099f0edc, type: 3}
      propertyPath: m_LocalPosition.z
      value: 0
      objectReference: {fileID: 0}
    - target: {fileID: -8679921383154817045, guid: 3b16a5dc1a1dcd34497a69af099f0edc, type: 3}
      propertyPath: m_LocalRotation.w
      value: 1
      objectReference: {fileID: 0}
    - target: {fileID: -8679921383154817045, guid: 3b16a5dc1a1dcd34497a69af099f0edc, type: 3}
      propertyPath: m_LocalRotation.x
      value: -0
      objectReference: {fileID: 0}
    - target: {fileID: -8679921383154817045, guid: 3b16a5dc1a1dcd34497a69af099f0edc, type: 3}
      propertyPath: m_LocalRotation.y
      value: -0
      objectReference: {fileID: 0}
    - target: {fileID: -8679921383154817045, guid: 3b16a5dc1a1dcd34497a69af099f0edc, type: 3}
      propertyPath: m_LocalRotation.z
      value: -0
      objectReference: {fileID: 0}
    - target: {fileID: -8679921383154817045, guid: 3b16a5dc1a1dcd34497a69af099f0edc, type: 3}
      propertyPath: m_LocalEulerAnglesHint.x
      value: 0
      objectReference: {fileID: 0}
    - target: {fileID: -8679921383154817045, guid: 3b16a5dc1a1dcd34497a69af099f0edc, type: 3}
      propertyPath: m_LocalEulerAnglesHint.y
      value: 0
      objectReference: {fileID: 0}
    - target: {fileID: -8679921383154817045, guid: 3b16a5dc1a1dcd34497a69af099f0edc, type: 3}
      propertyPath: m_LocalEulerAnglesHint.z
      value: 0
      objectReference: {fileID: 0}
    - target: {fileID: 919132149155446097, guid: 3b16a5dc1a1dcd34497a69af099f0edc, type: 3}
      propertyPath: m_Name
      value: wall (1)
      objectReference: {fileID: 0}
    m_RemovedComponents: []
  m_SourcePrefab: {fileID: 100100000, guid: 3b16a5dc1a1dcd34497a69af099f0edc, type: 3}
--- !u!4 &4975620962149850511 stripped
Transform:
  m_CorrespondingSourceObject: {fileID: -8679921383154817045, guid: 3b16a5dc1a1dcd34497a69af099f0edc, type: 3}
  m_PrefabInstance: {fileID: 4793604178533464676}
  m_PrefabAsset: {fileID: 0}
--- !u!1001 &5714250941323781168
PrefabInstance:
  m_ObjectHideFlags: 0
  serializedVersion: 2
  m_Modification:
    m_TransformParent: {fileID: 6477844559810604241}
    m_Modifications:
    - target: {fileID: -8679921383154817045, guid: 6a7d6052cef83b945bf7bd148e29ddb3, type: 3}
      propertyPath: m_RootOrder
      value: 6
      objectReference: {fileID: 0}
    - target: {fileID: -8679921383154817045, guid: 6a7d6052cef83b945bf7bd148e29ddb3, type: 3}
      propertyPath: m_LocalPosition.x
      value: 5.99
      objectReference: {fileID: 0}
    - target: {fileID: -8679921383154817045, guid: 6a7d6052cef83b945bf7bd148e29ddb3, type: 3}
      propertyPath: m_LocalPosition.y
      value: 0
      objectReference: {fileID: 0}
    - target: {fileID: -8679921383154817045, guid: 6a7d6052cef83b945bf7bd148e29ddb3, type: 3}
      propertyPath: m_LocalPosition.z
      value: -5.86
      objectReference: {fileID: 0}
    - target: {fileID: -8679921383154817045, guid: 6a7d6052cef83b945bf7bd148e29ddb3, type: 3}
      propertyPath: m_LocalRotation.w
      value: 1
      objectReference: {fileID: 0}
    - target: {fileID: -8679921383154817045, guid: 6a7d6052cef83b945bf7bd148e29ddb3, type: 3}
      propertyPath: m_LocalRotation.x
      value: -0
      objectReference: {fileID: 0}
    - target: {fileID: -8679921383154817045, guid: 6a7d6052cef83b945bf7bd148e29ddb3, type: 3}
      propertyPath: m_LocalRotation.y
      value: -0
      objectReference: {fileID: 0}
    - target: {fileID: -8679921383154817045, guid: 6a7d6052cef83b945bf7bd148e29ddb3, type: 3}
      propertyPath: m_LocalRotation.z
      value: -0
      objectReference: {fileID: 0}
    - target: {fileID: -8679921383154817045, guid: 6a7d6052cef83b945bf7bd148e29ddb3, type: 3}
      propertyPath: m_LocalEulerAnglesHint.x
      value: 0
      objectReference: {fileID: 0}
    - target: {fileID: -8679921383154817045, guid: 6a7d6052cef83b945bf7bd148e29ddb3, type: 3}
      propertyPath: m_LocalEulerAnglesHint.y
      value: 0
      objectReference: {fileID: 0}
    - target: {fileID: -8679921383154817045, guid: 6a7d6052cef83b945bf7bd148e29ddb3, type: 3}
      propertyPath: m_LocalEulerAnglesHint.z
      value: 0
      objectReference: {fileID: 0}
    - target: {fileID: 919132149155446097, guid: 6a7d6052cef83b945bf7bd148e29ddb3, type: 3}
      propertyPath: m_Name
      value: tileBrickB_largeCrackedA
      objectReference: {fileID: 0}
    m_RemovedComponents: []
  m_SourcePrefab: {fileID: 100100000, guid: 6a7d6052cef83b945bf7bd148e29ddb3, type: 3}
--- !u!4 &5244337904464348123 stripped
Transform:
  m_CorrespondingSourceObject: {fileID: -8679921383154817045, guid: 6a7d6052cef83b945bf7bd148e29ddb3, type: 3}
  m_PrefabInstance: {fileID: 5714250941323781168}
  m_PrefabAsset: {fileID: 0}
--- !u!1001 &5792296353448818637
PrefabInstance:
  m_ObjectHideFlags: 0
  serializedVersion: 2
  m_Modification:
    m_TransformParent: {fileID: 6477844559810604241}
    m_Modifications:
    - target: {fileID: -8679921383154817045, guid: 3fb095b2ae0530a4d977e5624a8d0322, type: 3}
      propertyPath: m_RootOrder
      value: 5
      objectReference: {fileID: 0}
    - target: {fileID: -8679921383154817045, guid: 3fb095b2ae0530a4d977e5624a8d0322, type: 3}
      propertyPath: m_LocalPosition.x
      value: -6.01
      objectReference: {fileID: 0}
    - target: {fileID: -8679921383154817045, guid: 3fb095b2ae0530a4d977e5624a8d0322, type: 3}
      propertyPath: m_LocalPosition.y
      value: 0
      objectReference: {fileID: 0}
    - target: {fileID: -8679921383154817045, guid: 3fb095b2ae0530a4d977e5624a8d0322, type: 3}
      propertyPath: m_LocalPosition.z
      value: -5.86
      objectReference: {fileID: 0}
    - target: {fileID: -8679921383154817045, guid: 3fb095b2ae0530a4d977e5624a8d0322, type: 3}
      propertyPath: m_LocalRotation.w
      value: 1
      objectReference: {fileID: 0}
    - target: {fileID: -8679921383154817045, guid: 3fb095b2ae0530a4d977e5624a8d0322, type: 3}
      propertyPath: m_LocalRotation.x
      value: -0
      objectReference: {fileID: 0}
    - target: {fileID: -8679921383154817045, guid: 3fb095b2ae0530a4d977e5624a8d0322, type: 3}
      propertyPath: m_LocalRotation.y
      value: -0
      objectReference: {fileID: 0}
    - target: {fileID: -8679921383154817045, guid: 3fb095b2ae0530a4d977e5624a8d0322, type: 3}
      propertyPath: m_LocalRotation.z
      value: -0
      objectReference: {fileID: 0}
    - target: {fileID: -8679921383154817045, guid: 3fb095b2ae0530a4d977e5624a8d0322, type: 3}
      propertyPath: m_LocalEulerAnglesHint.x
      value: 0
      objectReference: {fileID: 0}
    - target: {fileID: -8679921383154817045, guid: 3fb095b2ae0530a4d977e5624a8d0322, type: 3}
      propertyPath: m_LocalEulerAnglesHint.y
      value: 0
      objectReference: {fileID: 0}
    - target: {fileID: -8679921383154817045, guid: 3fb095b2ae0530a4d977e5624a8d0322, type: 3}
      propertyPath: m_LocalEulerAnglesHint.z
      value: 0
      objectReference: {fileID: 0}
    - target: {fileID: 919132149155446097, guid: 3fb095b2ae0530a4d977e5624a8d0322, type: 3}
      propertyPath: m_Name
      value: tileBrickB_large (7)
      objectReference: {fileID: 0}
    m_RemovedComponents: []
  m_SourcePrefab: {fileID: 100100000, guid: 3fb095b2ae0530a4d977e5624a8d0322, type: 3}
--- !u!4 &6334567573021397030 stripped
Transform:
  m_CorrespondingSourceObject: {fileID: -8679921383154817045, guid: 3fb095b2ae0530a4d977e5624a8d0322, type: 3}
  m_PrefabInstance: {fileID: 5792296353448818637}
  m_PrefabAsset: {fileID: 0}
--- !u!1001 &5875354549215169870
PrefabInstance:
  m_ObjectHideFlags: 0
  serializedVersion: 2
  m_Modification:
    m_TransformParent: {fileID: 5325366602610230223}
    m_Modifications:
    - target: {fileID: -8679921383154817045, guid: 3b16a5dc1a1dcd34497a69af099f0edc, type: 3}
      propertyPath: m_RootOrder
      value: 3
      objectReference: {fileID: 0}
    - target: {fileID: -8679921383154817045, guid: 3b16a5dc1a1dcd34497a69af099f0edc, type: 3}
      propertyPath: m_LocalPosition.x
      value: -4
      objectReference: {fileID: 0}
    - target: {fileID: -8679921383154817045, guid: 3b16a5dc1a1dcd34497a69af099f0edc, type: 3}
      propertyPath: m_LocalPosition.y
      value: 0
      objectReference: {fileID: 0}
    - target: {fileID: -8679921383154817045, guid: 3b16a5dc1a1dcd34497a69af099f0edc, type: 3}
      propertyPath: m_LocalPosition.z
      value: 0
      objectReference: {fileID: 0}
    - target: {fileID: -8679921383154817045, guid: 3b16a5dc1a1dcd34497a69af099f0edc, type: 3}
      propertyPath: m_LocalRotation.w
      value: 1
      objectReference: {fileID: 0}
    - target: {fileID: -8679921383154817045, guid: 3b16a5dc1a1dcd34497a69af099f0edc, type: 3}
      propertyPath: m_LocalRotation.x
      value: -0
      objectReference: {fileID: 0}
    - target: {fileID: -8679921383154817045, guid: 3b16a5dc1a1dcd34497a69af099f0edc, type: 3}
      propertyPath: m_LocalRotation.y
      value: -0
      objectReference: {fileID: 0}
    - target: {fileID: -8679921383154817045, guid: 3b16a5dc1a1dcd34497a69af099f0edc, type: 3}
      propertyPath: m_LocalRotation.z
      value: -0
      objectReference: {fileID: 0}
    - target: {fileID: -8679921383154817045, guid: 3b16a5dc1a1dcd34497a69af099f0edc, type: 3}
      propertyPath: m_LocalEulerAnglesHint.x
      value: 0
      objectReference: {fileID: 0}
    - target: {fileID: -8679921383154817045, guid: 3b16a5dc1a1dcd34497a69af099f0edc, type: 3}
      propertyPath: m_LocalEulerAnglesHint.y
      value: 0
      objectReference: {fileID: 0}
    - target: {fileID: -8679921383154817045, guid: 3b16a5dc1a1dcd34497a69af099f0edc, type: 3}
      propertyPath: m_LocalEulerAnglesHint.z
      value: 0
      objectReference: {fileID: 0}
    - target: {fileID: 919132149155446097, guid: 3b16a5dc1a1dcd34497a69af099f0edc, type: 3}
      propertyPath: m_Name
      value: wall (1)
      objectReference: {fileID: 0}
    m_RemovedComponents: []
  m_SourcePrefab: {fileID: 100100000, guid: 3b16a5dc1a1dcd34497a69af099f0edc, type: 3}
--- !u!4 &6198020335595383461 stripped
Transform:
  m_CorrespondingSourceObject: {fileID: -8679921383154817045, guid: 3b16a5dc1a1dcd34497a69af099f0edc, type: 3}
  m_PrefabInstance: {fileID: 5875354549215169870}
  m_PrefabAsset: {fileID: 0}
--- !u!1001 &5937636138438143813
PrefabInstance:
  m_ObjectHideFlags: 0
  serializedVersion: 2
  m_Modification:
    m_TransformParent: {fileID: 5334702826204157376}
    m_Modifications:
    - target: {fileID: -8679921383154817045, guid: 3b16a5dc1a1dcd34497a69af099f0edc, type: 3}
      propertyPath: m_RootOrder
      value: 0
      objectReference: {fileID: 0}
    - target: {fileID: -8679921383154817045, guid: 3b16a5dc1a1dcd34497a69af099f0edc, type: 3}
      propertyPath: m_LocalPosition.x
      value: 8
      objectReference: {fileID: 0}
    - target: {fileID: -8679921383154817045, guid: 3b16a5dc1a1dcd34497a69af099f0edc, type: 3}
      propertyPath: m_LocalPosition.y
      value: 0
      objectReference: {fileID: 0}
    - target: {fileID: -8679921383154817045, guid: 3b16a5dc1a1dcd34497a69af099f0edc, type: 3}
      propertyPath: m_LocalPosition.z
      value: 0
      objectReference: {fileID: 0}
    - target: {fileID: -8679921383154817045, guid: 3b16a5dc1a1dcd34497a69af099f0edc, type: 3}
      propertyPath: m_LocalRotation.w
      value: 1
      objectReference: {fileID: 0}
    - target: {fileID: -8679921383154817045, guid: 3b16a5dc1a1dcd34497a69af099f0edc, type: 3}
      propertyPath: m_LocalRotation.x
      value: -0
      objectReference: {fileID: 0}
    - target: {fileID: -8679921383154817045, guid: 3b16a5dc1a1dcd34497a69af099f0edc, type: 3}
      propertyPath: m_LocalRotation.y
      value: -0
      objectReference: {fileID: 0}
    - target: {fileID: -8679921383154817045, guid: 3b16a5dc1a1dcd34497a69af099f0edc, type: 3}
      propertyPath: m_LocalRotation.z
      value: -0
      objectReference: {fileID: 0}
    - target: {fileID: -8679921383154817045, guid: 3b16a5dc1a1dcd34497a69af099f0edc, type: 3}
      propertyPath: m_LocalEulerAnglesHint.x
      value: 0
      objectReference: {fileID: 0}
    - target: {fileID: -8679921383154817045, guid: 3b16a5dc1a1dcd34497a69af099f0edc, type: 3}
      propertyPath: m_LocalEulerAnglesHint.y
      value: 0
      objectReference: {fileID: 0}
    - target: {fileID: -8679921383154817045, guid: 3b16a5dc1a1dcd34497a69af099f0edc, type: 3}
      propertyPath: m_LocalEulerAnglesHint.z
      value: 0
      objectReference: {fileID: 0}
    - target: {fileID: 919132149155446097, guid: 3b16a5dc1a1dcd34497a69af099f0edc, type: 3}
      propertyPath: m_Name
      value: wall (4)
      objectReference: {fileID: 0}
    m_RemovedComponents: []
  m_SourcePrefab: {fileID: 100100000, guid: 3b16a5dc1a1dcd34497a69af099f0edc, type: 3}
--- !u!4 &6191325677692504238 stripped
Transform:
  m_CorrespondingSourceObject: {fileID: -8679921383154817045, guid: 3b16a5dc1a1dcd34497a69af099f0edc, type: 3}
  m_PrefabInstance: {fileID: 5937636138438143813}
  m_PrefabAsset: {fileID: 0}
--- !u!1001 &7061682108445720704
PrefabInstance:
  m_ObjectHideFlags: 0
  serializedVersion: 2
  m_Modification:
    m_TransformParent: {fileID: 5325366602610230223}
    m_Modifications:
    - target: {fileID: -8679921383154817045, guid: 3b16a5dc1a1dcd34497a69af099f0edc, type: 3}
      propertyPath: m_RootOrder
      value: 4
      objectReference: {fileID: 0}
    - target: {fileID: -8679921383154817045, guid: 3b16a5dc1a1dcd34497a69af099f0edc, type: 3}
      propertyPath: m_LocalPosition.x
      value: 0
      objectReference: {fileID: 0}
    - target: {fileID: -8679921383154817045, guid: 3b16a5dc1a1dcd34497a69af099f0edc, type: 3}
      propertyPath: m_LocalPosition.y
      value: 0
      objectReference: {fileID: 0}
    - target: {fileID: -8679921383154817045, guid: 3b16a5dc1a1dcd34497a69af099f0edc, type: 3}
      propertyPath: m_LocalPosition.z
      value: 0
      objectReference: {fileID: 0}
    - target: {fileID: -8679921383154817045, guid: 3b16a5dc1a1dcd34497a69af099f0edc, type: 3}
      propertyPath: m_LocalRotation.w
      value: 1
      objectReference: {fileID: 0}
    - target: {fileID: -8679921383154817045, guid: 3b16a5dc1a1dcd34497a69af099f0edc, type: 3}
      propertyPath: m_LocalRotation.x
      value: -0
      objectReference: {fileID: 0}
    - target: {fileID: -8679921383154817045, guid: 3b16a5dc1a1dcd34497a69af099f0edc, type: 3}
      propertyPath: m_LocalRotation.y
      value: -0
      objectReference: {fileID: 0}
    - target: {fileID: -8679921383154817045, guid: 3b16a5dc1a1dcd34497a69af099f0edc, type: 3}
      propertyPath: m_LocalRotation.z
      value: -0
      objectReference: {fileID: 0}
    - target: {fileID: -8679921383154817045, guid: 3b16a5dc1a1dcd34497a69af099f0edc, type: 3}
      propertyPath: m_LocalEulerAnglesHint.x
      value: 0
      objectReference: {fileID: 0}
    - target: {fileID: -8679921383154817045, guid: 3b16a5dc1a1dcd34497a69af099f0edc, type: 3}
      propertyPath: m_LocalEulerAnglesHint.y
      value: 0
      objectReference: {fileID: 0}
    - target: {fileID: -8679921383154817045, guid: 3b16a5dc1a1dcd34497a69af099f0edc, type: 3}
      propertyPath: m_LocalEulerAnglesHint.z
      value: 0
      objectReference: {fileID: 0}
    - target: {fileID: 919132149155446097, guid: 3b16a5dc1a1dcd34497a69af099f0edc, type: 3}
      propertyPath: m_Name
      value: wall
      objectReference: {fileID: 0}
    m_RemovedComponents: []
  m_SourcePrefab: {fileID: 100100000, guid: 3b16a5dc1a1dcd34497a69af099f0edc, type: 3}
--- !u!4 &7316831020058077035 stripped
Transform:
  m_CorrespondingSourceObject: {fileID: -8679921383154817045, guid: 3b16a5dc1a1dcd34497a69af099f0edc, type: 3}
  m_PrefabInstance: {fileID: 7061682108445720704}
  m_PrefabAsset: {fileID: 0}
--- !u!1001 &7139178398412815706
PrefabInstance:
  m_ObjectHideFlags: 0
  serializedVersion: 2
  m_Modification:
    m_TransformParent: {fileID: 5695221387764010552}
    m_Modifications:
    - target: {fileID: -8679921383154817045, guid: 3b16a5dc1a1dcd34497a69af099f0edc, type: 3}
      propertyPath: m_RootOrder
      value: 4
      objectReference: {fileID: 0}
    - target: {fileID: -8679921383154817045, guid: 3b16a5dc1a1dcd34497a69af099f0edc, type: 3}
      propertyPath: m_LocalPosition.x
      value: 0
      objectReference: {fileID: 0}
    - target: {fileID: -8679921383154817045, guid: 3b16a5dc1a1dcd34497a69af099f0edc, type: 3}
      propertyPath: m_LocalPosition.y
      value: 0
      objectReference: {fileID: 0}
    - target: {fileID: -8679921383154817045, guid: 3b16a5dc1a1dcd34497a69af099f0edc, type: 3}
      propertyPath: m_LocalPosition.z
      value: 0
      objectReference: {fileID: 0}
    - target: {fileID: -8679921383154817045, guid: 3b16a5dc1a1dcd34497a69af099f0edc, type: 3}
      propertyPath: m_LocalRotation.w
      value: 1
      objectReference: {fileID: 0}
    - target: {fileID: -8679921383154817045, guid: 3b16a5dc1a1dcd34497a69af099f0edc, type: 3}
      propertyPath: m_LocalRotation.x
      value: -0
      objectReference: {fileID: 0}
    - target: {fileID: -8679921383154817045, guid: 3b16a5dc1a1dcd34497a69af099f0edc, type: 3}
      propertyPath: m_LocalRotation.y
      value: -0
      objectReference: {fileID: 0}
    - target: {fileID: -8679921383154817045, guid: 3b16a5dc1a1dcd34497a69af099f0edc, type: 3}
      propertyPath: m_LocalRotation.z
      value: -0
      objectReference: {fileID: 0}
    - target: {fileID: -8679921383154817045, guid: 3b16a5dc1a1dcd34497a69af099f0edc, type: 3}
      propertyPath: m_LocalEulerAnglesHint.x
      value: 0
      objectReference: {fileID: 0}
    - target: {fileID: -8679921383154817045, guid: 3b16a5dc1a1dcd34497a69af099f0edc, type: 3}
      propertyPath: m_LocalEulerAnglesHint.y
      value: 0
      objectReference: {fileID: 0}
    - target: {fileID: -8679921383154817045, guid: 3b16a5dc1a1dcd34497a69af099f0edc, type: 3}
      propertyPath: m_LocalEulerAnglesHint.z
      value: 0
      objectReference: {fileID: 0}
    - target: {fileID: 919132149155446097, guid: 3b16a5dc1a1dcd34497a69af099f0edc, type: 3}
      propertyPath: m_Name
      value: wall
      objectReference: {fileID: 0}
    m_RemovedComponents: []
  m_SourcePrefab: {fileID: 100100000, guid: 3b16a5dc1a1dcd34497a69af099f0edc, type: 3}
--- !u!4 &7249051097199073969 stripped
Transform:
  m_CorrespondingSourceObject: {fileID: -8679921383154817045, guid: 3b16a5dc1a1dcd34497a69af099f0edc, type: 3}
  m_PrefabInstance: {fileID: 7139178398412815706}
  m_PrefabAsset: {fileID: 0}
--- !u!1001 &7510526854642435536
PrefabInstance:
  m_ObjectHideFlags: 0
  serializedVersion: 2
  m_Modification:
    m_TransformParent: {fileID: 5695221387764010552}
    m_Modifications:
    - target: {fileID: -8679921383154817045, guid: 3b16a5dc1a1dcd34497a69af099f0edc, type: 3}
      propertyPath: m_RootOrder
      value: 2
      objectReference: {fileID: 0}
    - target: {fileID: -8679921383154817045, guid: 3b16a5dc1a1dcd34497a69af099f0edc, type: 3}
      propertyPath: m_LocalPosition.x
      value: -8
      objectReference: {fileID: 0}
    - target: {fileID: -8679921383154817045, guid: 3b16a5dc1a1dcd34497a69af099f0edc, type: 3}
      propertyPath: m_LocalPosition.y
      value: 0
      objectReference: {fileID: 0}
    - target: {fileID: -8679921383154817045, guid: 3b16a5dc1a1dcd34497a69af099f0edc, type: 3}
      propertyPath: m_LocalPosition.z
      value: 0
      objectReference: {fileID: 0}
    - target: {fileID: -8679921383154817045, guid: 3b16a5dc1a1dcd34497a69af099f0edc, type: 3}
      propertyPath: m_LocalRotation.w
      value: 1
      objectReference: {fileID: 0}
    - target: {fileID: -8679921383154817045, guid: 3b16a5dc1a1dcd34497a69af099f0edc, type: 3}
      propertyPath: m_LocalRotation.x
      value: -0
      objectReference: {fileID: 0}
    - target: {fileID: -8679921383154817045, guid: 3b16a5dc1a1dcd34497a69af099f0edc, type: 3}
      propertyPath: m_LocalRotation.y
      value: -0
      objectReference: {fileID: 0}
    - target: {fileID: -8679921383154817045, guid: 3b16a5dc1a1dcd34497a69af099f0edc, type: 3}
      propertyPath: m_LocalRotation.z
      value: -0
      objectReference: {fileID: 0}
    - target: {fileID: -8679921383154817045, guid: 3b16a5dc1a1dcd34497a69af099f0edc, type: 3}
      propertyPath: m_LocalEulerAnglesHint.x
      value: 0
      objectReference: {fileID: 0}
    - target: {fileID: -8679921383154817045, guid: 3b16a5dc1a1dcd34497a69af099f0edc, type: 3}
      propertyPath: m_LocalEulerAnglesHint.y
      value: 0
      objectReference: {fileID: 0}
    - target: {fileID: -8679921383154817045, guid: 3b16a5dc1a1dcd34497a69af099f0edc, type: 3}
      propertyPath: m_LocalEulerAnglesHint.z
      value: 0
      objectReference: {fileID: 0}
    - target: {fileID: 919132149155446097, guid: 3b16a5dc1a1dcd34497a69af099f0edc, type: 3}
      propertyPath: m_Name
      value: wall (2)
      objectReference: {fileID: 0}
    m_RemovedComponents: []
  m_SourcePrefab: {fileID: 100100000, guid: 3b16a5dc1a1dcd34497a69af099f0edc, type: 3}
--- !u!4 &8048065698502795835 stripped
Transform:
  m_CorrespondingSourceObject: {fileID: -8679921383154817045, guid: 3b16a5dc1a1dcd34497a69af099f0edc, type: 3}
  m_PrefabInstance: {fileID: 7510526854642435536}
  m_PrefabAsset: {fileID: 0}
--- !u!1001 &7592430256541535470
PrefabInstance:
  m_ObjectHideFlags: 0
  serializedVersion: 2
  m_Modification:
    m_TransformParent: {fileID: 6477844559810604241}
    m_Modifications:
    - target: {fileID: -8679921383154817045, guid: 6a7d6052cef83b945bf7bd148e29ddb3, type: 3}
      propertyPath: m_RootOrder
      value: 7
      objectReference: {fileID: 0}
    - target: {fileID: -8679921383154817045, guid: 6a7d6052cef83b945bf7bd148e29ddb3, type: 3}
      propertyPath: m_LocalPosition.x
      value: -6.01
      objectReference: {fileID: 0}
    - target: {fileID: -8679921383154817045, guid: 6a7d6052cef83b945bf7bd148e29ddb3, type: 3}
      propertyPath: m_LocalPosition.y
      value: 0
      objectReference: {fileID: 0}
    - target: {fileID: -8679921383154817045, guid: 6a7d6052cef83b945bf7bd148e29ddb3, type: 3}
      propertyPath: m_LocalPosition.z
      value: 6.14
      objectReference: {fileID: 0}
    - target: {fileID: -8679921383154817045, guid: 6a7d6052cef83b945bf7bd148e29ddb3, type: 3}
      propertyPath: m_LocalRotation.w
      value: 1
      objectReference: {fileID: 0}
    - target: {fileID: -8679921383154817045, guid: 6a7d6052cef83b945bf7bd148e29ddb3, type: 3}
      propertyPath: m_LocalRotation.x
      value: -0
      objectReference: {fileID: 0}
    - target: {fileID: -8679921383154817045, guid: 6a7d6052cef83b945bf7bd148e29ddb3, type: 3}
      propertyPath: m_LocalRotation.y
      value: -0
      objectReference: {fileID: 0}
    - target: {fileID: -8679921383154817045, guid: 6a7d6052cef83b945bf7bd148e29ddb3, type: 3}
      propertyPath: m_LocalRotation.z
      value: -0
      objectReference: {fileID: 0}
    - target: {fileID: -8679921383154817045, guid: 6a7d6052cef83b945bf7bd148e29ddb3, type: 3}
      propertyPath: m_LocalEulerAnglesHint.x
      value: 0
      objectReference: {fileID: 0}
    - target: {fileID: -8679921383154817045, guid: 6a7d6052cef83b945bf7bd148e29ddb3, type: 3}
      propertyPath: m_LocalEulerAnglesHint.y
      value: 0
      objectReference: {fileID: 0}
    - target: {fileID: -8679921383154817045, guid: 6a7d6052cef83b945bf7bd148e29ddb3, type: 3}
      propertyPath: m_LocalEulerAnglesHint.z
      value: 0
      objectReference: {fileID: 0}
    - target: {fileID: 919132149155446097, guid: 6a7d6052cef83b945bf7bd148e29ddb3, type: 3}
      propertyPath: m_Name
      value: tileBrickB_largeCrackedA (1)
      objectReference: {fileID: 0}
    m_RemovedComponents: []
  m_SourcePrefab: {fileID: 100100000, guid: 6a7d6052cef83b945bf7bd148e29ddb3, type: 3}
--- !u!4 &7986855122643413765 stripped
Transform:
  m_CorrespondingSourceObject: {fileID: -8679921383154817045, guid: 6a7d6052cef83b945bf7bd148e29ddb3, type: 3}
  m_PrefabInstance: {fileID: 7592430256541535470}
  m_PrefabAsset: {fileID: 0}
--- !u!1001 &7705566160208576905
PrefabInstance:
  m_ObjectHideFlags: 0
  serializedVersion: 2
  m_Modification:
    m_TransformParent: {fileID: 5334702826204157376}
    m_Modifications:
    - target: {fileID: -8679921383154817045, guid: 3b16a5dc1a1dcd34497a69af099f0edc, type: 3}
      propertyPath: m_RootOrder
      value: 3
      objectReference: {fileID: 0}
    - target: {fileID: -8679921383154817045, guid: 3b16a5dc1a1dcd34497a69af099f0edc, type: 3}
      propertyPath: m_LocalPosition.x
      value: -4
      objectReference: {fileID: 0}
    - target: {fileID: -8679921383154817045, guid: 3b16a5dc1a1dcd34497a69af099f0edc, type: 3}
      propertyPath: m_LocalPosition.y
      value: 0
      objectReference: {fileID: 0}
    - target: {fileID: -8679921383154817045, guid: 3b16a5dc1a1dcd34497a69af099f0edc, type: 3}
      propertyPath: m_LocalPosition.z
      value: 0
      objectReference: {fileID: 0}
    - target: {fileID: -8679921383154817045, guid: 3b16a5dc1a1dcd34497a69af099f0edc, type: 3}
      propertyPath: m_LocalRotation.w
      value: 1
      objectReference: {fileID: 0}
    - target: {fileID: -8679921383154817045, guid: 3b16a5dc1a1dcd34497a69af099f0edc, type: 3}
      propertyPath: m_LocalRotation.x
      value: -0
      objectReference: {fileID: 0}
    - target: {fileID: -8679921383154817045, guid: 3b16a5dc1a1dcd34497a69af099f0edc, type: 3}
      propertyPath: m_LocalRotation.y
      value: -0
      objectReference: {fileID: 0}
    - target: {fileID: -8679921383154817045, guid: 3b16a5dc1a1dcd34497a69af099f0edc, type: 3}
      propertyPath: m_LocalRotation.z
      value: -0
      objectReference: {fileID: 0}
    - target: {fileID: -8679921383154817045, guid: 3b16a5dc1a1dcd34497a69af099f0edc, type: 3}
      propertyPath: m_LocalEulerAnglesHint.x
      value: 0
      objectReference: {fileID: 0}
    - target: {fileID: -8679921383154817045, guid: 3b16a5dc1a1dcd34497a69af099f0edc, type: 3}
      propertyPath: m_LocalEulerAnglesHint.y
      value: 0
      objectReference: {fileID: 0}
    - target: {fileID: -8679921383154817045, guid: 3b16a5dc1a1dcd34497a69af099f0edc, type: 3}
      propertyPath: m_LocalEulerAnglesHint.z
      value: 0
      objectReference: {fileID: 0}
    - target: {fileID: 919132149155446097, guid: 3b16a5dc1a1dcd34497a69af099f0edc, type: 3}
      propertyPath: m_Name
      value: wall (1)
      objectReference: {fileID: 0}
    m_RemovedComponents: []
  m_SourcePrefab: {fileID: 100100000, guid: 3b16a5dc1a1dcd34497a69af099f0edc, type: 3}
--- !u!4 &7882727500529116770 stripped
Transform:
  m_CorrespondingSourceObject: {fileID: -8679921383154817045, guid: 3b16a5dc1a1dcd34497a69af099f0edc, type: 3}
  m_PrefabInstance: {fileID: 7705566160208576905}
  m_PrefabAsset: {fileID: 0}
--- !u!1001 &7913647249087063172
PrefabInstance:
  m_ObjectHideFlags: 0
  serializedVersion: 2
  m_Modification:
    m_TransformParent: {fileID: 6027617626673855530}
    m_Modifications:
    - target: {fileID: -8679921383154817045, guid: 3b16a5dc1a1dcd34497a69af099f0edc, type: 3}
      propertyPath: m_RootOrder
      value: 0
      objectReference: {fileID: 0}
    - target: {fileID: -8679921383154817045, guid: 3b16a5dc1a1dcd34497a69af099f0edc, type: 3}
      propertyPath: m_LocalPosition.x
      value: 8
      objectReference: {fileID: 0}
    - target: {fileID: -8679921383154817045, guid: 3b16a5dc1a1dcd34497a69af099f0edc, type: 3}
      propertyPath: m_LocalPosition.y
      value: 0
      objectReference: {fileID: 0}
    - target: {fileID: -8679921383154817045, guid: 3b16a5dc1a1dcd34497a69af099f0edc, type: 3}
      propertyPath: m_LocalPosition.z
      value: 0
      objectReference: {fileID: 0}
    - target: {fileID: -8679921383154817045, guid: 3b16a5dc1a1dcd34497a69af099f0edc, type: 3}
      propertyPath: m_LocalRotation.w
      value: 1
      objectReference: {fileID: 0}
    - target: {fileID: -8679921383154817045, guid: 3b16a5dc1a1dcd34497a69af099f0edc, type: 3}
      propertyPath: m_LocalRotation.x
      value: -0
      objectReference: {fileID: 0}
    - target: {fileID: -8679921383154817045, guid: 3b16a5dc1a1dcd34497a69af099f0edc, type: 3}
      propertyPath: m_LocalRotation.y
      value: -0
      objectReference: {fileID: 0}
    - target: {fileID: -8679921383154817045, guid: 3b16a5dc1a1dcd34497a69af099f0edc, type: 3}
      propertyPath: m_LocalRotation.z
      value: -0
      objectReference: {fileID: 0}
    - target: {fileID: -8679921383154817045, guid: 3b16a5dc1a1dcd34497a69af099f0edc, type: 3}
      propertyPath: m_LocalEulerAnglesHint.x
      value: 0
      objectReference: {fileID: 0}
    - target: {fileID: -8679921383154817045, guid: 3b16a5dc1a1dcd34497a69af099f0edc, type: 3}
      propertyPath: m_LocalEulerAnglesHint.y
      value: 0
      objectReference: {fileID: 0}
    - target: {fileID: -8679921383154817045, guid: 3b16a5dc1a1dcd34497a69af099f0edc, type: 3}
      propertyPath: m_LocalEulerAnglesHint.z
      value: 0
      objectReference: {fileID: 0}
    - target: {fileID: 919132149155446097, guid: 3b16a5dc1a1dcd34497a69af099f0edc, type: 3}
      propertyPath: m_Name
      value: wall (4)
      objectReference: {fileID: 0}
    m_RemovedComponents: []
  m_SourcePrefab: {fileID: 100100000, guid: 3b16a5dc1a1dcd34497a69af099f0edc, type: 3}
--- !u!4 &7662968515865445231 stripped
Transform:
  m_CorrespondingSourceObject: {fileID: -8679921383154817045, guid: 3b16a5dc1a1dcd34497a69af099f0edc, type: 3}
  m_PrefabInstance: {fileID: 7913647249087063172}
  m_PrefabAsset: {fileID: 0}
--- !u!1001 &8053207850150512442
PrefabInstance:
  m_ObjectHideFlags: 0
  serializedVersion: 2
  m_Modification:
    m_TransformParent: {fileID: 6477844559810604241}
    m_Modifications:
    - target: {fileID: -8679921383154817045, guid: 3fb095b2ae0530a4d977e5624a8d0322, type: 3}
      propertyPath: m_RootOrder
      value: 4
      objectReference: {fileID: 0}
    - target: {fileID: -8679921383154817045, guid: 3fb095b2ae0530a4d977e5624a8d0322, type: 3}
      propertyPath: m_LocalPosition.x
      value: -6.01
      objectReference: {fileID: 0}
    - target: {fileID: -8679921383154817045, guid: 3fb095b2ae0530a4d977e5624a8d0322, type: 3}
      propertyPath: m_LocalPosition.y
      value: 0
      objectReference: {fileID: 0}
    - target: {fileID: -8679921383154817045, guid: 3fb095b2ae0530a4d977e5624a8d0322, type: 3}
      propertyPath: m_LocalPosition.z
      value: 0.13999999
      objectReference: {fileID: 0}
    - target: {fileID: -8679921383154817045, guid: 3fb095b2ae0530a4d977e5624a8d0322, type: 3}
      propertyPath: m_LocalRotation.w
      value: 1
      objectReference: {fileID: 0}
    - target: {fileID: -8679921383154817045, guid: 3fb095b2ae0530a4d977e5624a8d0322, type: 3}
      propertyPath: m_LocalRotation.x
      value: -0
      objectReference: {fileID: 0}
    - target: {fileID: -8679921383154817045, guid: 3fb095b2ae0530a4d977e5624a8d0322, type: 3}
      propertyPath: m_LocalRotation.y
      value: -0
      objectReference: {fileID: 0}
    - target: {fileID: -8679921383154817045, guid: 3fb095b2ae0530a4d977e5624a8d0322, type: 3}
      propertyPath: m_LocalRotation.z
      value: -0
      objectReference: {fileID: 0}
    - target: {fileID: -8679921383154817045, guid: 3fb095b2ae0530a4d977e5624a8d0322, type: 3}
      propertyPath: m_LocalEulerAnglesHint.x
      value: 0
      objectReference: {fileID: 0}
    - target: {fileID: -8679921383154817045, guid: 3fb095b2ae0530a4d977e5624a8d0322, type: 3}
      propertyPath: m_LocalEulerAnglesHint.y
      value: 0
      objectReference: {fileID: 0}
    - target: {fileID: -8679921383154817045, guid: 3fb095b2ae0530a4d977e5624a8d0322, type: 3}
      propertyPath: m_LocalEulerAnglesHint.z
      value: 0
      objectReference: {fileID: 0}
    - target: {fileID: 919132149155446097, guid: 3fb095b2ae0530a4d977e5624a8d0322, type: 3}
      propertyPath: m_Name
      value: tileBrickB_large (6)
      objectReference: {fileID: 0}
    m_RemovedComponents: []
  m_SourcePrefab: {fileID: 100100000, guid: 3fb095b2ae0530a4d977e5624a8d0322, type: 3}
--- !u!4 &7514261073242267857 stripped
Transform:
  m_CorrespondingSourceObject: {fileID: -8679921383154817045, guid: 3fb095b2ae0530a4d977e5624a8d0322, type: 3}
  m_PrefabInstance: {fileID: 8053207850150512442}
  m_PrefabAsset: {fileID: 0}
--- !u!1001 &8500354170485601971
PrefabInstance:
  m_ObjectHideFlags: 0
  serializedVersion: 2
  m_Modification:
    m_TransformParent: {fileID: 6027617626673855530}
    m_Modifications:
    - target: {fileID: -8679921383154817045, guid: 3b16a5dc1a1dcd34497a69af099f0edc, type: 3}
      propertyPath: m_RootOrder
      value: 4
      objectReference: {fileID: 0}
    - target: {fileID: -8679921383154817045, guid: 3b16a5dc1a1dcd34497a69af099f0edc, type: 3}
      propertyPath: m_LocalPosition.x
      value: 0
      objectReference: {fileID: 0}
    - target: {fileID: -8679921383154817045, guid: 3b16a5dc1a1dcd34497a69af099f0edc, type: 3}
      propertyPath: m_LocalPosition.y
      value: 0
      objectReference: {fileID: 0}
    - target: {fileID: -8679921383154817045, guid: 3b16a5dc1a1dcd34497a69af099f0edc, type: 3}
      propertyPath: m_LocalPosition.z
      value: 0
      objectReference: {fileID: 0}
    - target: {fileID: -8679921383154817045, guid: 3b16a5dc1a1dcd34497a69af099f0edc, type: 3}
      propertyPath: m_LocalRotation.w
      value: 1
      objectReference: {fileID: 0}
    - target: {fileID: -8679921383154817045, guid: 3b16a5dc1a1dcd34497a69af099f0edc, type: 3}
      propertyPath: m_LocalRotation.x
      value: -0
      objectReference: {fileID: 0}
    - target: {fileID: -8679921383154817045, guid: 3b16a5dc1a1dcd34497a69af099f0edc, type: 3}
      propertyPath: m_LocalRotation.y
      value: -0
      objectReference: {fileID: 0}
    - target: {fileID: -8679921383154817045, guid: 3b16a5dc1a1dcd34497a69af099f0edc, type: 3}
      propertyPath: m_LocalRotation.z
      value: -0
      objectReference: {fileID: 0}
    - target: {fileID: -8679921383154817045, guid: 3b16a5dc1a1dcd34497a69af099f0edc, type: 3}
      propertyPath: m_LocalEulerAnglesHint.x
      value: 0
      objectReference: {fileID: 0}
    - target: {fileID: -8679921383154817045, guid: 3b16a5dc1a1dcd34497a69af099f0edc, type: 3}
      propertyPath: m_LocalEulerAnglesHint.y
      value: 0
      objectReference: {fileID: 0}
    - target: {fileID: -8679921383154817045, guid: 3b16a5dc1a1dcd34497a69af099f0edc, type: 3}
      propertyPath: m_LocalEulerAnglesHint.z
      value: 0
      objectReference: {fileID: 0}
    - target: {fileID: 919132149155446097, guid: 3b16a5dc1a1dcd34497a69af099f0edc, type: 3}
      propertyPath: m_Name
      value: wall
      objectReference: {fileID: 0}
    m_RemovedComponents: []
  m_SourcePrefab: {fileID: 100100000, guid: 3b16a5dc1a1dcd34497a69af099f0edc, type: 3}
--- !u!4 &8250007832098804056 stripped
Transform:
  m_CorrespondingSourceObject: {fileID: -8679921383154817045, guid: 3b16a5dc1a1dcd34497a69af099f0edc, type: 3}
  m_PrefabInstance: {fileID: 8500354170485601971}
  m_PrefabAsset: {fileID: 0}
